
@ARTICLE{Abel97,
   author = {{Abel}, T. and {Anninos}, P. and {Zhang}, Y. and {Norman}, M.~L.
	},
    title = "{Modeling primordial gas in numerical cosmology}",
  journal = {New Astronomy},
     year = 1997,
    month = aug,
   volume = 2,
    pages = {181-207},
      doi = {10.1016/S1384-1076(97)00010-9},
   adsurl = {http://adsabs.harvard.edu/cgi-bin/nph-bib_query?bibcode=1997NewA....2..181A&db_key=AST},
  adsnote = {Provided by the Smithsonian/NASA Astrophysics Data System}
}

@ARTICLE{Anninos97,
   author = {{Anninos}, P. and {Zhang}, Y. and {Abel}, T. and {Norman}, M.~L.
	},
    title = "{Cosmological hydrodynamics with multi-species chemistry and nonequilibrium ionization and cooling}",
  journal = {New Astronomy},
     year = 1997,
    month = aug,
   volume = 2,
    pages = {209-224},
      doi = {10.1016/S1384-1076(97)00009-2},
   adsurl = {http://adsabs.harvard.edu/cgi-bin/nph-bib_query?bibcode=1997NewA....2..209A&db_key=AST},
  adsnote = {Provided by the Smithsonian/NASA Astrophysics Data System}
}

@ARTICLE{2007arXiv0708.3086G,
   author = {{Glover}, S.~C.~O.},
    title = "{Chemistry and cooling in metal-free and metal-poor gas}",
  journal = {ArXiv e-prints},
   eprint = {0708.3086},
     year = 2007,
    month = aug,
   volume = 708,
   adsurl = {http://adsabs.harvard.edu/abs/2007arXiv0708.3086G},
  adsnote = {Provided by the Smithsonian/NASA Astrophysics Data System}
}

@ARTICLE{2008MNRAS.385.1443S,
   author = {{Smith}, B. and {Sigurdsson}, S. and {Abel}, T.},
    title = "{Metal cooling in simulations of cosmic structure formation}",
  journal = {\mnras},
archivePrefix = "arXiv",
   eprint = {0706.0754},
 keywords = {methods: numerical , stars: formation},
     year = 2008,
    month = apr,
   volume = 385,
    pages = {1443-1454},
      doi = {10.1111/j.1365-2966.2008.12922.x},
   adsurl = {http://adsabs.harvard.edu/abs/2008MNRAS.385.1443S},
  adsnote = {Provided by the SAO/NASA Astrophysics Data System}
}

@ARTICLE{2009ApJ...691..441S,
   author = {{Smith}, B.~D. and {Turk}, M.~J. and {Sigurdsson}, S. and
{O'Shea}, B.~W. and 
    {Norman}, M.~L.},
    title = "{Three Modes of Metal-Enriched Star Formation in the Early
Universe}",
  journal = {\apj},
archivePrefix = "arXiv",
   eprint = {0806.1653},
 keywords = {early universe, stars: formation},
     year = 2009,
    month = jan,
   volume = 691,
    pages = {441-451},
      doi = {10.1088/0004-637X/691/1/441},
   adsurl = {http://adsabs.harvard.edu/abs/2009ApJ...691..441S},
  adsnote = {Provided by the SAO/NASA Astrophysics Data System}
}

@ARTICLE{2009Sci...325..601T,
   author = {{Turk}, M.~J. and {Abel}, T. and {O'Shea}, B.},
    title = "{The Formation of Population III Binaries from Cosmological
Initial Conditions}",
  journal = {Science},
archivePrefix = "arXiv",
   eprint = {0907.2919},
     year = 2009,
    month = jul,
   volume = 325,
    pages = {601-},
      doi = {10.1126/science.1173540},
   adsurl = {http://adsabs.harvard.edu/abs/2009Sci...325..601T},
  adsnote = {Provided by the SAO/NASA Astrophysics Data System}
}

@ARTICLE{2008arXiv0808.1647G,
   author = {{Greif}, T.~H. and {Schleicher}, D.~R.~G. and {Johnson}, J.~L. and 
    {Jappsen}, A.~-. and {Klessen}, R.~S. and {Clark}, P.~C. and 
    {Glover}, S.~C.~O. and {Stacy}, A. and {Bromm}, V.},
    title = "{The formation of the first galaxies and the transition to
low-mass star formation}",
  journal = {ArXiv e-prints},
archivePrefix = "arXiv",
   eprint = {0808.1647},
 keywords = {Astrophysics},
     year = 2008,
    month = aug,
   adsurl = {http://adsabs.harvard.edu/abs/2008arXiv0808.1647G},
  adsnote = {Provided by the SAO/NASA Astrophysics Data System}
}

@INPROCEEDINGS{1995ASPC...77..349K,
   author = {{Krist}, J.},
    title = "{Simulation of HST PSFs using Tiny Tim}",
booktitle = {Astronomical Data Analysis Software and Systems IV},
     year = 1995,
   series = {Astronomical Society of the Pacific Conference Series},
   volume = 77,
   editor = "{R.~A.~Shaw, H.~E.~Payne, \& J.~J.~E.~Hayes}",
    pages = {349-+},
   adsurl = {http://adsabs.harvard.edu/abs/1995ASPC...77..349K},
  adsnote = {Provided by the SAO/NASA Astrophysics Data System}
}

@ARTICLE{2009MNRAS.398..769M,
   author = {{Morganson}, E. and {Blandford}, R.},
    title = "{A measurement of the faint source correlation function in the
GOODS and UDF surveys}",
  journal = {\mnras},
archivePrefix = "arXiv",
   eprint = {0805.4458},
 keywords = {galaxies: distances and redshifts , galaxies: evolution ,
galaxies: statistics , galaxies: structure},
     year = 2009,
    month = sep,
   volume = 398,
    pages = {769-782},
      doi = {10.1111/j.1365-2966.2009.14652.x},
   adsurl = {http://adsabs.harvard.edu/abs/2009MNRAS.398..769M},
  adsnote = {Provided by the SAO/NASA Astrophysics Data System}
}

@ARTICLE{1996A&AS..117..393B,
   author = {{Bertin}, E. and {Arnouts}, S.},
    title = "{SExtractor: Software for source extraction.}",
  journal = {\aaps},
 keywords = {METHODS: DATA ANALYSIS, TECHNIQUES: IMAGE PROCESSING, GALAXIES:
PHOTOMETRY},
     year = 1996,
    month = jun,
   volume = 117,
    pages = {393-404},
   adsurl = {http://adsabs.harvard.edu/abs/1996A%26AS..117..393B},
  adsnote = {Provided by the SAO/NASA Astrophysics Data System}
}


@ARTICLE{shapiro86,
   author = {{Shapiro}, P.~R.},
    title = "{Cosmological H II regions and the photoionization of the intergalactic medium}",
  journal = {PASP},
 keywords = {BIG BANG COSMOLOGY, H II REGIONS, INTERGALACTIC MEDIA, PHOTOIONIZATION, QUASARS, ABSORPTION SPECTRA, RED SHIFT},
     year = 1986,
    month = oct,
   volume = 98,
    pages = {1014-1017},
      doi = {10.1086/131865},
   adsurl = {http://adsabs.harvard.edu/abs/1986PASP...98.1014S},
  adsnote = {Provided by the SAO/NASA Astrophysics Data System}
}

@ARTICLE{bouwens09b,
   author = {{Bouwens}, R.~J. and {Illingworth}, G.~D. and {Oesch}, P.~A. and 
	{Trenti}, M. and {Stiavelli}, M. and {Carollo}, M. and {Franx}, M. and 
	{van Dokkum}, P.~G. and {Labbe}, I. and {Magee}, D.},
    title = "{Very blue UV-continuum slopes of low luminosity z\~{}7 galaxies from WFC3/IR: Evidence for extremely low metallicities?}",
  journal = {ArXiv e-prints},
archivePrefix = "arXiv",
   eprint = {0910.0001},
 keywords = {Astrophysics - Cosmology and Extragalactic Astrophysics},
     year = 2009,
    month = oct,
   adsurl = {http://adsabs.harvard.edu/abs/2009arXiv0910.0001B},
  adsnote = {Provided by the SAO/NASA Astrophysics Data System}
}

@ARTICLE{oesch09,
   author = {{Oesch}, P.~A. and {Bouwens}, R.~J. and {Carollo}, C.~M. and 
	{Illingworth}, G.~D. and {Trenti}, M. and {Stiavelli}, M. and 
	{Magee}, D. and {Labbe}, I. and {Franx}, M.},
    title = "{Structure and Morphologies of z\~{}7-8 Galaxies from ultra-deep WFC3/IR Imaging of the HUDF}",
  journal = {ArXiv e-prints},
archivePrefix = "arXiv",
   eprint = {0909.5183},
 keywords = {Astrophysics - Cosmology and Extragalactic Astrophysics},
     year = 2009,
    month = sep,
   adsurl = {http://adsabs.harvard.edu/abs/2009arXiv0909.5183O},
  adsnote = {Provided by the SAO/NASA Astrophysics Data System}
}

@ARTICLE{bouwens09a,
   author = {{Bouwens}, R.~J. and {Illingworth}, G.~D. and {Oesch}, P.~A. and 
	{Stiavelli}, M. and {van Dokkum}, P. and {Trenti}, M. and {Magee}, D. and 
	{Labbe}, I. and {Franx}, M. and {Carollo}, M.},
    title = "{z\~{}8 galaxies from ultra-deep WFC3/IR Observations over the HUDF}",
  journal = {ArXiv e-prints},
archivePrefix = "arXiv",
   eprint = {0909.1803},
 keywords = {Astrophysics - Cosmology and Extragalactic Astrophysics},
     year = 2009,
    month = sep,
   adsurl = {http://adsabs.harvard.edu/abs/2009arXiv0909.1803B},
  adsnote = {Provided by the SAO/NASA Astrophysics Data System}
}

@ARTICLE{madau99,
   author = {{Madau}, P. and {Haardt}, F. and {Rees}, M.~J.},
    title = "{Radiative Transfer in a Clumpy Universe. III. The Nature of Cosmological Ionizing Sources}",
  journal = {\apj},
   eprint = {arXiv:astro-ph/9809058},
 keywords = {COSMOLOGY: DIFFUSE RADIATION, GALAXIES: INTERGALACTIC MEDIUM, RADIATIVE TRANSFER},
     year = 1999,
    month = apr,
   volume = 514,
    pages = {648-659},
      doi = {10.1086/306975},
   adsurl = {http://adsabs.harvard.edu/abs/1999ApJ...514..648M},
  adsnote = {Provided by the SAO/NASA Astrophysics Data System}
}

@ARTICLE{bouwens04,
   author = {{Bouwens}, R.~J. and {Illingworth}, G.~D. and {Thompson}, R.~I. and 
	{Blakeslee}, J.~P. and {Dickinson}, M.~E. and {Broadhurst}, T.~J. and 
	{Eisenstein}, D.~J. and {Fan}, X. and {Franx}, M. and {Meurer}, G. and 
	{van Dokkum}, P.},
    title = "{Star Formation at z \~{} 6: The Hubble Ultra Deep Parallel Fields}",
  journal = {\apjl},
 keywords = {Galaxies: Evolution, Galaxies: High-Redshift, Galaxies: Luminosity Function, Mass Function},
     year = 2004,
    month = may,
   volume = 606,
    pages = {L25-L28},
      doi = {10.1086/421016},
   adsurl = {http://adsabs.harvard.edu/abs/2004ApJ...606L..25B},
  adsnote = {Provided by the SAO/NASA Astrophysics Data System}
}

@ARTICLE{yan04,
   author = {{Yan}, H. and {Windhorst}, R.~A.},
    title = "{The Major Sources of the Cosmic Reionizing Background at z\~{}=6}",
  journal = {\apjl},
   eprint = {arXiv:astro-ph/0312572},
 keywords = {Cosmology: Observations, Galaxies: High-Redshift, Galaxies: Luminosity Function, Mass Function},
     year = 2004,
    month = jan,
   volume = 600,
    pages = {L1-L5},
      doi = {10.1086/381573},
   adsurl = {http://adsabs.harvard.edu/abs/2004ApJ...600L...1Y},
  adsnote = {Provided by the SAO/NASA Astrophysics Data System}
}

@ARTICLE{fan06,
   author = {{Fan}, X. and {Carilli}, C.~L. and {Keating}, B.},
    title = "{Observational Constraints on Cosmic Reionization}",
  journal = {\araa},
   eprint = {arXiv:astro-ph/0602375},
     year = 2006,
    month = sep,
   volume = 44,
    pages = {415-462},
      doi = {10.1146/annurev.astro.44.051905.092514},
   adsurl = {http://adsabs.harvard.edu/abs/2006ARA%26A..44..415F},
  adsnote = {Provided by the SAO/NASA Astrophysics Data System}
}

@ARTICLE{bunker09,
   author = {{Bunker}, A. and {Wilkins}, S. and {Ellis}, R. and {Stark}, D. and 
	{Lorenzoni}, S. and {Chiu}, K. and {Lacy}, M. and {Jarvis}, M. and 
	{Hickey}, S.},
    title = "{The Contribution of High Redshift Galaxies to Cosmic Reionization: New Results from Deep WFC3 Imaging of the Hubble Ultra Deep Field}",
  journal = {ArXiv e-prints},
archivePrefix = "arXiv",
   eprint = {0909.2255},
 keywords = {Astrophysics - Cosmology and Extragalactic Astrophysics},
     year = 2009,
    month = sep,
   adsurl = {http://adsabs.harvard.edu/abs/2009arXiv0909.2255B},
  adsnote = {Provided by the SAO/NASA Astrophysics Data System}
}

@ARTICLE{springel03a,
   author = {{Springel}, V. and {Hernquist}, L.},
    title = "{The history of star formation in a {$\Lambda$} cold dark matter universe}",
  journal = {\mnras},
   eprint = {arXiv:astro-ph/0206395},
 keywords = {methods: numerical, galaxies: evolution, galaxies: starburst},
     year = 2003,
    month = feb,
   volume = 339,
    pages = {312-334},
      doi = {10.1046/j.1365-8711.2003.06207.x},
   adsurl = {http://adsabs.harvard.edu/abs/2003MNRAS.339..312S},
  adsnote = {Provided by the SAO/NASA Astrophysics Data System}
}

@ARTICLE{crain09,
   author = {{Crain}, R.~A. and {Theuns}, T. and {Dalla Vecchia}, C. and 
	{Eke}, V.~R. and {Frenk}, C.~S. and {Jenkins}, A. and {Kay}, S.~T. and 
	{Peacock}, J.~A. and {Pearce}, F.~R. and {Schaye}, J. and {Springel}, V. and 
	{Thomas}, P.~A. and {White}, S.~D.~M. and {Wiersma}, R.~P.~C.
	},
    title = "{Galaxies-intergalactic medium interaction calculation - I. Galaxy formation as a function of large-scale environment}",
  journal = {\mnras},
archivePrefix = "arXiv",
   eprint = {0906.4350},
 keywords = {methods: N-body simulations , galaxies: abundances , galaxies: clusters: general , galaxies: formation , intergalactic medium},
     year = 2009,
    month = sep,
    pages = {1262-+},
      doi = {10.1111/j.1365-2966.2009.15402.x},
   adsurl = {http://adsabs.harvard.edu/abs/2009MNRAS.tmp.1262C},
  adsnote = {Provided by the SAO/NASA Astrophysics Data System}
}

@ARTICLE{Schaye10,
   author = {{Schaye}, J. and {Dalla Vecchia}, C. and {Booth}, C.~M. and 
	{Wiersma}, R.~P.~C. and {Theuns}, T. and {Haas}, M.~R. and {Bertone}, S. and 
	{Duffy}, A.~R. and {McCarthy}, I.~G. and {van de Voort}, F.},
    title = "{The physics driving the cosmic star formation history}",
  journal = {\mnras},
archivePrefix = "arXiv",
   eprint = {0909.5196},
 primaryClass = "astro-ph.CO",
 keywords = {stars: formation, galaxies: evolution, galaxies: formation, cosmology: theory},
     year = 2010,
    month = mar,
   volume = 402,
    pages = {1536-1560},
      doi = {10.1111/j.1365-2966.2009.16029.x},
   adsurl = {http://adsabs.harvard.edu/abs/2010MNRAS.402.1536S},
  adsnote = {Provided by the SAO/NASA Astrophysics Data System}
}

@ARTICLE{choi09,
   author = {{Choi}, {J.-H.} and {Nagamine}, K.},
    title = "{Effects of cosmological parameters and star formation models on the cosmic star formation history in LambdaCDM cosmological simulations}",
  journal = {ArXiv e-prints},
archivePrefix = "arXiv",
   eprint = {0909.5425},
 keywords = {Astrophysics - Cosmology and Extragalactic Astrophysics},
     year = 2009,
    month = sep,
   adsurl = {http://adsabs.harvard.edu/abs/2009arXiv0909.5425C},
  adsnote = {Provided by the SAO/NASA Astrophysics Data System}
}

@ARTICLE{night06,
   author = {{Night}, C. and {Nagamine}, K. and {Springel}, V. and {Hernquist}, L.
	},
    title = "{Lyman break galaxies at z= 4-6 in cosmological smoothed particle hydrodynamics simulations}",
  journal = {\mnras},
   eprint = {arXiv:astro-ph/0503631},
 keywords = {methods: numerical, galaxies: evolution, galaxies: formation, cosmology: theory},
     year = 2006,
    month = mar,
   volume = 366,
    pages = {705-716},
      doi = {10.1111/j.1365-2966.2005.09730.x},
   adsurl = {http://adsabs.harvard.edu/abs/2006MNRAS.366..705N},
  adsnote = {Provided by the SAO/NASA Astrophysics Data System}
}

@ARTICLE{Trac07,
   author = {{Trac}, H. and {Cen}, R.},
    title = "{Radiative Transfer Simulations of Cosmic Reionization. I. Methodology and Initial Results}",
  journal = {\apj},
   eprint = {arXiv:astro-ph/0612406},
 keywords = {Cosmology: Theory, Galaxies: Formation, Galaxies: Intergalactic Medium, Cosmology: Large-Scale Structure of Universe, Methods: Numerical, Radiative Transfer, Stars: Formation},
     year = 2007,
    month = dec,
   volume = 671,
    pages = {1-13},
      doi = {10.1086/522566},
   adsurl = {http://adsabs.harvard.edu/abs/2007ApJ...671....1T},
  adsnote = {Provided by the SAO/NASA Astrophysics Data System}
}

@ARTICLE{keres05,
   author = {{Kere{\v s}}, D. and {Katz}, N. and {Weinberg}, D.~H. and {Dav{\'e}}, R.
	},
    title = "{How do galaxies get their gas?}",
  journal = {\mnras},
   eprint = {arXiv:astro-ph/0407095},
 keywords = {methods: numerical, cooling flows, galaxies: evolution, galaxies: formation},
     year = 2005,
    month = oct,
   volume = 363,
    pages = {2-28},
      doi = {10.1111/j.1365-2966.2005.09451.x},
   adsurl = {http://adsabs.harvard.edu/abs/2005MNRAS.363....2K},
  adsnote = {Provided by the SAO/NASA Astrophysics Data System}
}

@ARTICLE{mill_sim,
   author = {{Springel}, V. and {White}, S.~D.~M. and {Jenkins}, A. and {Frenk}, C.~S. and 
	{Yoshida}, N. and {Gao}, L. and {Navarro}, J. and {Thacker}, R. and 
	{Croton}, D. and {Helly}, J. and {Peacock}, J.~A. and {Cole}, S. and 
	{Thomas}, P. and {Couchman}, H. and {Evrard}, A. and {Colberg}, J. and 
	{Pearce}, F.},
    title = "{Simulations of the formation, evolution and clustering of galaxies and quasars}",
  journal = {Nature},
   eprint = {arXiv:astro-ph/0504097},
     year = 2005,
    month = jun,
   volume = 435,
    pages = {629-636},
      doi = {10.1038/nature03597},
   adsurl = {http://adsabs.harvard.edu/abs/2005Natur.435..629S},
  adsnote = {Provided by the SAO/NASA Astrophysics Data System}
}

@ARTICLE{Wise09,
   author = {{Wise}, J.~H. and {Cen}, R.},
    title = "{Ionizing Photon Escape Fractions From High-Redshift Dwarf Galaxies}",
  journal = {\apj},
archivePrefix = "arXiv",
   eprint = {0808.2477},
 keywords = {cosmology: theory, galaxies: dwarf, galaxies: formation, galaxies: high-redshift, radiative transfer},
     year = 2009,
    month = mar,
   volume = 693,
    pages = {984-999},
      doi = {10.1088/0004-637X/693/1/984},
   adsurl = {http://adsabs.harvard.edu/abs/2009ApJ...693..984W},
  adsnote = {Provided by the SAO/NASA Astrophysics Data System}
}

@ARTICLE{alvarez09,
   author = {{Alvarez}, M.~A. and {Wise}, J.~H. and {Abel}, T.},
    title = "{Accretion onto the First Stellar-Mass Black Holes}",
  journal = {\apjl},
archivePrefix = "arXiv",
   eprint = {0811.0820},
 keywords = {black hole physics, cosmology: theory, galaxies: formation},
     year = 2009,
    month = aug,
   volume = 701,
    pages = {L133-L137},
      doi = {10.1088/0004-637X/701/2/L133},
   adsurl = {http://adsabs.harvard.edu/abs/2009ApJ...701L.133A},
  adsnote = {Provided by the SAO/NASA Astrophysics Data System}
}

@ARTICLE{Wise08_Gal,
   author = {{Wise}, J.~H. and {Abel}, T.},
    title = "{Resolving the Formation of Protogalaxies. III. Feedback from the First Stars}",
  journal = {\apj},
archivePrefix = "arXiv",
   eprint = {0710.3160},
 keywords = {Cosmology: Theory, Galaxies: Dwarf, Galaxies: High-Redshift, Stars: Formation},
     year = 2008,
    month = sep,
   volume = 685,
    pages = {40-56},
      doi = {10.1086/590417},
   adsurl = {http://adsabs.harvard.edu/abs/2008ApJ...685...40W},
  adsnote = {Provided by the SAO/NASA Astrophysics Data System}
}

@ARTICLE{Wise08_Reion,
   author = {{Wise}, J.~H. and {Abel}, T.},
    title = "{How Very Massive Metal-Free Stars Start Cosmological Reionization}",
  journal = {\apj},
archivePrefix = "arXiv",
   eprint = {0710.4328},
 keywords = {Cosmology: Theory, Galaxies: Formation, Galaxies: Intergalactic Medium, Stars: Formation},
     year = 2008,
    month = sep,
   volume = 684,
    pages = {1-17},
      doi = {10.1086/590050},
   adsurl = {http://adsabs.harvard.edu/abs/2008ApJ...684....1W},
  adsnote = {Provided by the SAO/NASA Astrophysics Data System}
}

@ARTICLE{Wise08_Collapse,
   author = {{Wise}, J.~H. and {Turk}, M.~J. and {Abel}, T.},
    title = "{Resolving the Formation of Protogalaxies. II. Central Gravitational Collapse}",
  journal = {\apj},
archivePrefix = "arXiv",
   eprint = {0710.1678},
 keywords = {Black Hole Physics, Cosmology: Theory, Galaxies: Formation, Instabilities},
     year = 2008,
    month = aug,
   volume = 682,
    pages = {745-757},
      doi = {10.1086/588209},
   adsurl = {http://adsabs.harvard.edu/abs/2008ApJ...682..745W},
  adsnote = {Provided by the SAO/NASA Astrophysics Data System}
}

@ARTICLE{Wise07,
   author = {{Wise}, J.~H. and {Abel}, T.},
    title = "{Resolving the Formation of Protogalaxies. I. Virialization}",
  journal = {\apj},
archivePrefix = "arXiv",
   eprint = {0704.3629},
 keywords = {Galaxy: Formation, Stars: Formation},
     year = 2007,
    month = aug,
   volume = 665,
    pages = {899-910},
      doi = {10.1086/520036},
   adsurl = {http://adsabs.harvard.edu/abs/2007ApJ...665..899W},
  adsnote = {Provided by the SAO/NASA Astrophysics Data System}
}

@ARTICLE{Abel07,
   author = {{Abel}, T. and {Wise}, J.~H. and {Bryan}, G.~L.},
    title = "{The H II Region of a Primordial Star}",
  journal = {\apjl},
   eprint = {arXiv:astro-ph/0606019},
 keywords = {Cosmology: Theory, ISM: H II Regions, Stars: Formation},
     year = 2007,
    month = apr,
   volume = 659,
    pages = {L87-L90},
      doi = {10.1086/516820},
   adsurl = {http://adsabs.harvard.edu/abs/2007ApJ...659L..87A},
  adsnote = {Provided by the SAO/NASA Astrophysics Data System}
}

@ARTICLE{Greif08,
   author = {{Greif}, T.~H. and {Johnson}, J.~L. and {Klessen}, R.~S. and 
	{Bromm}, V.},
    title = "{The first galaxies: assembly, cooling and the onset of turbulence}",
  journal = {\mnras},
archivePrefix = "arXiv",
   eprint = {0803.2237},
 keywords = {stars: early-type , stars: formation , galaxies: formation , galaxies: high-redshift , cosmology: theory , early Universe},
     year = 2008,
    month = jul,
   volume = 387,
    pages = {1021-1036},
      doi = {10.1111/j.1365-2966.2008.13326.x},
   adsurl = {http://adsabs.harvard.edu/abs/2008MNRAS.387.1021G},
  adsnote = {Provided by the SAO/NASA Astrophysics Data System}
}

@ARTICLE{whalen08,
   author = {{Whalen}, D. and {O'Shea}, B.~W. and {Smidt}, J. and {Norman}, M.~L.
	},
    title = "{How the First Stars Regulated Local Star Formation. I. Radiative Feedback}",
  journal = {\apj},
archivePrefix = "arXiv",
   eprint = {0708.1603},
 keywords = {Cosmology: Theory, Cosmology: Early Universe, ISM: H II Regions},
     year = 2008,
    month = jun,
   volume = 679,
    pages = {925-941},
      doi = {10.1086/587731},
   adsurl = {http://adsabs.harvard.edu/abs/2008ApJ...679..925W},
  adsnote = {Provided by the SAO/NASA Astrophysics Data System}
}

@ARTICLE{whalen04,
   author = {{Whalen}, D. and {Abel}, T. and {Norman}, M.~L.},
    title = "{Radiation Hydrodynamic Evolution of Primordial H II Regions}",
  journal = {\apj},
   eprint = {arXiv:astro-ph/0310283},
 keywords = {Cosmology: Theory, Cosmology: Early Universe, ISM: H II Regions, Methods: Numerical},
     year = 2004,
    month = jul,
   volume = 610,
    pages = {14-22},
      doi = {10.1086/421548},
   adsurl = {http://adsabs.harvard.edu/abs/2004ApJ...610...14W},
  adsnote = {Provided by the SAO/NASA Astrophysics Data System}
}

@ARTICLE{kitayama04,
   author = {{Kitayama}, T. and {Yoshida}, N. and {Susa}, H. and {Umemura}, M.
	},
    title = "{The Structure and Evolution of Early Cosmological H II Regions}",
  journal = {\apj},
   eprint = {arXiv:astro-ph/0406280},
 keywords = {Cosmology: Theory, Cosmology: Early Universe, ISM: H II Regions, Radiative Transfer},
     year = 2004,
    month = oct,
   volume = 613,
    pages = {631-645},
      doi = {10.1086/423313},
   adsurl = {http://adsabs.harvard.edu/abs/2004ApJ...613..631K},
  adsnote = {Provided by the SAO/NASA Astrophysics Data System}
}

@ARTICLE{rees77,
   author = {{Rees}, M.~J. and {Ostriker}, J.~P.},
    title = "{Cooling, dynamics and fragmentation of massive gas clouds - Clues to the masses and radii of galaxies and clusters}",
  journal = {\mnras},
 keywords = {ASTRONOMICAL MODELS, BIG BANG COSMOLOGY, GALACTIC CLUSTERS, GALACTIC EVOLUTION, LYMAN ALPHA RADIATION, PROTOSTARS, CLOUDS, CRITICAL MASS, FRAGMENTATION, RADIATION PRESSURE, STELLAR EVOLUTION, UNIVERSE},
     year = 1977,
    month = jun,
   volume = 179,
    pages = {541-559},
   adsurl = {http://adsabs.harvard.edu/abs/1977MNRAS.179..541R},
  adsnote = {Provided by the SAO/NASA Astrophysics Data System}
}

@ARTICLE{OShea05,
   author = {{O'Shea}, B.~W. and {Abel}, T. and {Whalen}, D. and {Norman}, M.~L.
	},
    title = "{Forming a Primordial Star in a Relic H II Region}",
  journal = {\apjl},
   eprint = {arXiv:astro-ph/0503330},
 keywords = {Cosmology: Theory, Hydrodynamics, Stars: Formation},
     year = 2005,
    month = jul,
   volume = 628,
    pages = {L5-L8},
      doi = {10.1086/432683},
   adsurl = {http://adsabs.harvard.edu/abs/2005ApJ...628L...5O},
  adsnote = {Provided by the SAO/NASA Astrophysics Data System}
}

@ARTICLE{clark09,
   author = {{Clark}, P.~C. and {Glover}, S.~C.~O. and {Bonnell}, I.~A. and 
	{Klessen}, R.~S.},
    title = "{On the constancy of the high-mass slope of the initial mass function}",
  journal = {ArXiv e-prints (0904.3302)},
archivePrefix = "arXiv",
   eprint = {0904.3302},
 keywords = {Astrophysics - Galaxy Astrophysics},
     year = 2009,
    month = apr,
   adsurl = {http://adsabs.harvard.edu/abs/2009arXiv0904.3302C},
  adsnote = {Provided by the SAO/NASA Astrophysics Data System}
}

@ARTICLE{bianchi07,
   author = {{Bianchi}, S. and {Schneider}, R.},
    title = "{Dust formation and survival in supernova ejecta}",
  journal = {\mnras},
archivePrefix = "arXiv",
   eprint = {0704.0586},
 keywords = {shock waves, supernovae: individual: Cassiopeia A, dust, extinction, supernova remnants},
     year = 2007,
    month = jul,
   volume = 378,
    pages = {973-982},
      doi = {10.1111/j.1365-2966.2007.11829.x},
   adsurl = {http://adsabs.harvard.edu/abs/2007MNRAS.378..973B},
  adsnote = {Provided by the SAO/NASA Astrophysics Data System}
}

@ARTICLE{schneider04,
   author = {{Schneider}, R. and {Ferrara}, A. and {Salvaterra}, R.},
    title = "{Dust formation in very massive primordial supernovae}",
  journal = {\mnras},
   eprint = {arXiv:astro-ph/0307087},
 keywords = {supernovae: general, dust, extinction, galaxies: formation, cosmology: theory},
     year = 2004,
    month = jul,
   volume = 351,
    pages = {1379-1386},
      doi = {10.1111/j.1365-2966.2004.07876.x},
   adsurl = {http://adsabs.harvard.edu/abs/2004MNRAS.351.1379S},
  adsnote = {Provided by the SAO/NASA Astrophysics Data System}
}

@ARTICLE{todini01,
   author = {{Todini}, P. and {Ferrara}, A.},
    title = "{Dust formation in primordial Type II supernovae}",
  journal = {\mnras},
   eprint = {arXiv:astro-ph/0009176},
 keywords = {STARS: FORMATION, SUPERNOVAE: GENERAL, SUPERNOVAE: INDIVIDUAL: SN1987A, DUST, EXTINCTION, SUPERNOVA REMNANTS},
     year = 2001,
    month = aug,
   volume = 325,
    pages = {726-736},
      doi = {10.1046/j.1365-8711.2001.04486.x},
   adsurl = {http://adsabs.harvard.edu/abs/2001MNRAS.325..726T},
  adsnote = {Provided by the SAO/NASA Astrophysics Data System}
}

@ARTICLE{ricotti04,
   author = {{Ricotti}, M. and {Ostriker}, J.~P.},
    title = "{X-ray pre-ionization powered by accretion on the first black holes - I. A model for the WMAP polarization measurement}",
  journal = {\mnras},
   eprint = {arXiv:astro-ph/0311003},
 keywords = {methods: numerical, cosmology: theory},
     year = 2004,
    month = aug,
   volume = 352,
    pages = {547-562},
      doi = {10.1111/j.1365-2966.2004.07942.x},
   adsurl = {http://adsabs.harvard.edu/abs/2004MNRAS.352..547R},
  adsnote = {Provided by the SAO/NASA Astrophysics Data System}
}

@ARTICLE{bromm03,
   author = {{Bromm}, V. and {Loeb}, A.},
    title = "{Formation of the First Supermassive Black Holes}",
  journal = {\apj},
   eprint = {arXiv:astro-ph/0212400},
 keywords = {Black Hole Physics, Cosmology: Theory, Galaxies: Formation, Hydrodynamics, Galaxies: Quasars: General},
     year = 2003,
    month = oct,
   volume = 596,
    pages = {34-46},
      doi = {10.1086/377529},
   adsurl = {http://adsabs.harvard.edu/abs/2003ApJ...596...34B},
  adsnote = {Provided by the SAO/NASA Astrophysics Data System}
}

@ARTICLE{volonteri09,
   author = {{Volonteri}, M. and {Gnedin}, N.~Y.},
    title = "{Relative Role of Stars and Quasars in Cosmic Reionization}",
  journal = {\apj},
archivePrefix = "arXiv",
   eprint = {0905.0144},
 keywords = {cosmology: theory, galaxies: formation, intergalactic medium, large-scale structure of universe},
     year = 2009,
    month = oct,
   volume = 703,
    pages = {2113-2117},
      doi = {10.1088/0004-637X/703/2/2113},
   adsurl = {http://adsabs.harvard.edu/abs/2009ApJ...703.2113V},
  adsnote = {Provided by the SAO/NASA Astrophysics Data System}
}

@ARTICLE{regan09,
   author = {{Regan}, J.~A. and {Haehnelt}, M.~G.},
    title = "{Pathways to massive black holes and compact star clusters in pre-galactic dark matter haloes with virial temperatures >10000K}",
  journal = {\mnras},
archivePrefix = "arXiv",
   eprint = {0810.2802},
 keywords = {methods: numerical , cosmology: theory},
     year = 2009,
    month = jun,
   volume = 396,
    pages = {343-353},
      doi = {10.1111/j.1365-2966.2009.14579.x},
   adsurl = {http://adsabs.harvard.edu/abs/2009MNRAS.396..343R},
  adsnote = {Provided by the SAO/NASA Astrophysics Data System}
}

@ARTICLE{Gnedin00,
   author = {{Gnedin}, N.~Y.},
    title = "{Effect of Reionization on Structure Formation in the Universe}",
  journal = {\apj},
   eprint = {arXiv:astro-ph/0002151},
 keywords = {Cosmology: Theory, Galaxies: Formation, Galaxies: Intergalactic Medium, Cosmology: Large-Scale Structure of Universe},
     year = 2000,
    month = oct,
   volume = 542,
    pages = {535-541},
      doi = {10.1086/317042},
   adsurl = {http://adsabs.harvard.edu/abs/2000ApJ...542..535G},
  adsnote = {Provided by the SAO/NASA Astrophysics Data System}
}

@ARTICLE{gnedin98,
   author = {{Gnedin}, N.~Y. and {Hui}, L.},
    title = "{Probing the Universe with the Lyalpha forest - I. Hydrodynamics of the low-density intergalactic medium}",
  journal = {\mnras},
   eprint = {arXiv:astro-ph/9706219},
 keywords = {HYDRODYNAMICS, METHODS: NUMERICAL, INTERGALACTIC MEDIUM, QUASARS: ABSORPTION LINES, COSMOLOGY: THEORY},
     year = 1998,
    month = may,
   volume = 296,
    pages = {44-55},
      doi = {10.1046/j.1365-8711.1998.01249.x},
   adsurl = {http://adsabs.harvard.edu/abs/1998MNRAS.296...44G},
  adsnote = {Provided by the SAO/NASA Astrophysics Data System}
}

@ARTICLE{bromm01,
   author = {{Bromm}, V. and {Ferrara}, A. and {Coppi}, P.~S. and {Larson}, R.~B.
	},
    title = "{The fragmentation of pre-enriched primordial objects}",
  journal = {\mnras},
 keywords = {HYDRODYNAMICS, STARS: FORMATION, GALAXIES: FORMATION, COSMOLOGY: THEORY, EARLY UNIVERSE},
     year = 2001,
    month = dec,
   volume = 328,
    pages = {969-976},
      doi = {10.1046/j.1365-8711.2001.04915.x},
   adsurl = {http://adsabs.harvard.edu/abs/2001MNRAS.328..969B},
  adsnote = {Provided by the SAO/NASA Astrophysics Data System}
}

@ARTICLE{larson05,
   author = {{Larson}, R.~B.},
    title = "{Thermal physics, cloud geometry and the stellar initial mass function}",
  journal = {\mnras},
   eprint = {arXiv:astro-ph/0412357},
 keywords = {stars: formation, stars: luminosity function, mass function},
     year = 2005,
    month = may,
   volume = 359,
    pages = {211-222},
      doi = {10.1111/j.1365-2966.2005.08881.x},
   adsurl = {http://adsabs.harvard.edu/abs/2005MNRAS.359..211L},
  adsnote = {Provided by the SAO/NASA Astrophysics Data System}
}

@ARTICLE{clark08,
   author = {{Clark}, P.~C. and {Glover}, S.~C.~O. and {Klessen}, R.~S.},
    title = "{The First Stellar Cluster}",
  journal = {\apj},
 keywords = {Cosmology: Early Universe, Equation of State, Hydrodynamics, Methods: Numerical, Stars: Formation, Stars: Luminosity Function, Mass Function},
     year = 2008,
    month = jan,
   volume = 672,
    pages = {757-764},
      doi = {10.1086/524187},
   adsurl = {http://adsabs.harvard.edu/abs/2008ApJ...672..757C},
  adsnote = {Provided by the SAO/NASA Astrophysics Data System}
}

@ARTICLE{schneider09,
   author = {{Schneider}, R. and {Omukai}, K.},
    title = "{Metals, dust and the cosmic microwave background: fragmentation of high-redshift star-forming clouds}",
  journal = {ArXiv e-prints},
archivePrefix = "arXiv",
   eprint = {0910.3665},
 keywords = {Astrophysics - Cosmology and Extragalactic Astrophysics, Astrophysics - Solar and Stellar Astrophysics},
     year = 2009,
    month = oct,
   adsurl = {http://adsabs.harvard.edu/abs/2009arXiv0910.3665S},
  adsnote = {Provided by the SAO/NASA Astrophysics Data System}
}

@ARTICLE{2008Ap&SS.313..313W,
   author = {{Walter}, F. and {Carilli}, C.},
    title = "{Detecting the most distant ($z>7$) objects with ALMA}",
  journal = {\apss},
archivePrefix = "arXiv",
   eprint = {0704.1858},
 keywords = {Radio lines: ISM, Galaxies: high-redshifts, ISM: lines and bands},
     year = 2008,
    month = jan,
   volume = 313,
    pages = {313-316},
      doi = {10.1007/s10509-007-9634-1},
   adsurl = {http://adsabs.harvard.edu/abs/2008Ap%26SS.313..313W},
  adsnote = {Provided by the SAO/NASA Astrophysics Data System}
}

@ARTICLE{2008Ap&SS.313..307C,
   author = {{Carilli}, C.~L. and {Walter}, F. and {Wang}, R. and {Wootten}, A.
and 
    {Menten}, K. and {Bertoldi}, F. and {Schinnerer}, E. and {Cox}, P. and 
    {Beelen}, A. and {Omont}, A.},
    title = "{Studying the first galaxies with ALMA}",
  journal = {\apss},
   eprint = {arXiv:astro-ph/0703799},
 keywords = {Radio astronomy, Extragalactic astronomy, Cosmology, Galaxy
evolution and formation},
     year = 2008,
    month = jan,
   volume = 313,
    pages = {307-311},
      doi = {10.1007/s10509-007-9647-9},
   adsurl = {http://adsabs.harvard.edu/abs/2008Ap%26SS.313..307C},
  adsnote = {Provided by the SAO/NASA Astrophysics Data System}
}

@ARTICLE{2005A&A...440L..51M,
   author = {{Maiolino}, R. and {Cox}, P. and {Caselli}, P. and {Beelen}, A.
and 
    {Bertoldi}, F. and {Carilli}, C.~L. and {Kaufman}, M.~J. and 
    {Menten}, K.~M. and {Nagao}, T. and {Omont}, A. and {Wei{\ss}}, A. and 
    {Walmsley}, C.~M. and {Walter}, F.},
    title = "{First detection of [CII]158 {$\mu$}m at high redshift: vigorous
star formation in the early universe}",
  journal = {\aap},
   eprint = {arXiv:astro-ph/0508064},
 keywords = {galaxies: high redshift, galaxies: ISM, quasars: individual:
J114816.64+525150.3, infrared: galaxies, submillimeter, ISM: abundances},
     year = 2005,
    month = sep,
   volume = 440,
    pages = {L51-L54},
      doi = {10.1051/0004-6361:200500165},
   adsurl = {http://adsabs.harvard.edu/abs/2005A%26A...440L..51M},
  adsnote = {Provided by the SAO/NASA Astrophysics Data System}
}

@ARTICLE{2006ApJ...647...60N,
   author = {{Nagamine}, K. and {Wolfe}, A.~M. and {Hernquist}, L.},
    title = "{Detectability of [C II] 158 {$\mu$}m Emission from High-Redshift
Galaxies: Predictions for ALMA and SPICA}",
  journal = {\apj},
   eprint = {arXiv:astro-ph/0601155},
 keywords = {Cosmology: Theory, Galaxies: Evolution, Galaxies: Formation,
Methods: Numerical, Stars: Formation},
     year = 2006,
    month = aug,
   volume = 647,
    pages = {60-73},
      doi = {10.1086/505324},
   adsurl = {http://adsabs.harvard.edu/abs/2006ApJ...647...60N},
  adsnote = {Provided by the SAO/NASA Astrophysics Data System}
}

@ARTICLE{2003ApJ...584..608T,
   author = {{Tumlinson}, J. and {Shull}, J.~M. and {Venkatesan}, A.},
    title = "{Cosmological Effects of the First Stars: Evolving Spectra of
Population III}",
  journal = {\apj},
   eprint = {arXiv:astro-ph/0206389},
 keywords = {Cosmology: Theory, Galaxies: High-Redshift, Stars: Evolution},
     year = 2003,
    month = feb,
   volume = 584,
    pages = {608-620},
      doi = {10.1086/345737},
   adsurl = {http://adsabs.harvard.edu/abs/2003ApJ...584..608T},
  adsnote = {Provided by the SAO/NASA Astrophysics Data System}
}

@ARTICLE{2003ApJ...584..621V,
   author = {{Venkatesan}, A. and {Tumlinson}, J. and {Shull}, J.~M.},
    title = "{Evolving Spectra of Population III Stars: Consequences for
Cosmological Reionization}",
  journal = {\apj},
   eprint = {arXiv:astro-ph/0206390},
 keywords = {Cosmology: Theory, Galaxies: Intergalactic Medium},
     year = 2003,
    month = feb,
   volume = 584,
    pages = {621-632},
      doi = {10.1086/345738},
   adsurl = {http://adsabs.harvard.edu/abs/2003ApJ...584..621V},
  adsnote = {Provided by the SAO/NASA Astrophysics Data System}
}

@ARTICLE{1969ApJ...155L..57P,
   author = {{Petrosian}, V. and {Bahcall}, J.~N. and {Salpeter}, E.~E.},
    title = "{Fine-Structure Transitions and the Background Microwave
Radiation}",
  journal = {\apjl},
     year = 1969,
    month = feb,
   volume = 155,
    pages = {L57+},
      doi = {10.1086/180303},
   adsurl = {http://adsabs.harvard.edu/abs/1969ApJ...155L..57P},
  adsnote = {Provided by the SAO/NASA Astrophysics Data System}
}

@ARTICLE{1993ApJ...404L..37L,
   author = {{Loeb}, A.},
    title = "{Finding protoquasars at high redshifts}",
  journal = {\apjl},
 keywords = {ACTIVE GALAXIES, COSMOLOGY, GALACTIC EVOLUTION, QUASARS, RED
SHIFT, BLACK HOLES (ASTRONOMY), LINE SPECTRA, LYMAN ALPHA RADIATION, MILLIMETER
WAVES},
     year = 1993,
    month = feb,
   volume = 404,
    pages = {L37-L39},
      doi = {10.1086/186738},
   adsurl = {http://adsabs.harvard.edu/abs/1993ApJ...404L..37L},
  adsnote = {Provided by the SAO/NASA Astrophysics Data System}
}


@ARTICLE{razoumov09,
   author = {{Razoumov}, A.~O. and {Sommer-Larsen}, J.},
    title = "{Ionizing radiation from z=4-10 galaxies}",
  journal = {ArXiv e-prints},
archivePrefix = "arXiv",
   eprint = {0903.2045},
 keywords = {Astrophysics - Cosmology and Extragalactic Astrophysics},
     year = 2009,
    month = mar,
   adsurl = {http://adsabs.harvard.edu/abs/2009arXiv0903.2045R},
  adsnote = {Provided by the SAO/NASA Astrophysics Data System}
}

@ARTICLE{Bouwens06,
   author = {{Bouwens}, R.~J. and {Illingworth}, G.~D. and {Blakeslee}, J.~P. and 
	{Franx}, M.},
    title = "{Galaxies at z \~{} 6: The UV Luminosity Function and Luminosity Density from 506 HUDF, HUDF Parallel ACS Field, and GOODS i-Dropouts}",
  journal = {\apj},
   eprint = {arXiv:astro-ph/0509641},
 keywords = {Galaxies: Evolution, Galaxies: High-Redshift},
     year = 2006,
    month = dec,
   volume = 653,
    pages = {53-85},
      doi = {10.1086/498733},
   adsurl = {http://adsabs.harvard.edu/abs/2006ApJ...653...53B},
  adsnote = {Provided by the SAO/NASA Astrophysics Data System}
}

@ARTICLE{BarkanaLoeb2004,
   author = {{Barkana}, R. and {Loeb}, A.},
    title = "{Unusually Large Fluctuations in the Statistics of Galaxy Formation at High Redshift}",
  journal = {\apj},
   eprint = {arXiv:astro-ph/0310338},
 keywords = {Cosmology: Theory, Galaxies: Formation, Galaxies: High-Redshift},
     year = 2004,
    month = jul,
   volume = 609,
    pages = {474-481},
      doi = {10.1086/421079},
   adsurl = {http://adsabs.harvard.edu/abs/2004ApJ...609..474B},
  adsnote = {Provided by the SAO/NASA Astrophysics Data System}
}

@ARTICLE{TracCenLoeb2008,
   author = {{Trac}, H. and {Cen}, R. and {Loeb}, A.},
    title = "{Imprint of Inhomogeneous Hydrogen Reionization on the Temperature Distribution of the Intergalactic Medium}",
  journal = {\apjl},
archivePrefix = "arXiv",
   eprint = {0807.4530},
 keywords = {Cosmology: Theory, Hydrodynamics, Galaxies: Intergalactic Medium, Cosmology: Large-Scale Structure of Universe, Methods: Numerical, Radiative Transfer},
     year = 2008,
    month = dec,
   volume = 689,
    pages = {L81-L84},
      doi = {10.1086/595678},
   adsurl = {http://adsabs.harvard.edu/abs/2008ApJ...689L..81T},
  adsnote = {Provided by the SAO/NASA Astrophysics Data System}
}

@ARTICLE{RazoumovEtAl2002,
   author = {{Razoumov}, A.~O. and {Norman}, M.~L. and {Abel}, T. and {Scott}, D.
	},
    title = "{Cosmological Hydrogen Reionization with Three-dimensional Radiative Transfer}",
  journal = {\apj},
   eprint = {arXiv:astro-ph/0109111},
 keywords = {Galaxies: Formation, Galaxies: Intergalactic Medium, Methods: Numerical, Radiative Transfer},
     year = 2002,
    month = jun,
   volume = 572,
    pages = {695-704},
      doi = {10.1086/340451},
   adsurl = {http://adsabs.harvard.edu/abs/2002ApJ...572..695R},
  adsnote = {Provided by the SAO/NASA Astrophysics Data System}
}

@ARTICLE{hernquist03,
   author = {{Hernquist}, L. and {Springel}, V.},
    title = "{An analytical model for the history of cosmic star formation}",
  journal = {\mnras},
   eprint = {arXiv:astro-ph/0209183},
 keywords = {methods: analytical, galaxies: formation, cosmology: theory},
     year = 2003,
    month = jun,
   volume = 341,
    pages = {1253-1267},
      doi = {10.1046/j.1365-8711.2003.06499.x},
   adsurl = {http://adsabs.harvard.edu/abs/2003MNRAS.341.1253H},
  adsnote = {Provided by the SAO/NASA Astrophysics Data System}
}

@ARTICLE{ReynoldsEtAl2009,
   author = {{Reynolds}, D.~R. and {Hayes}, J.~C. and {Paschos}, P. and {Norman}, M.~L.
	},
    title = "{Self-consistent solution of cosmological radiation-hydrodynamics and chemical ionization}",
  journal = {Journal of Computational Physics},
archivePrefix = "arXiv",
   eprint = {0901.1110},
 keywords = {98.80.Bp, 02.60.Cb, 02.60.Lj},
     year = 2009,
    month = oct,
   volume = 228,
    pages = {6833-6854},
      doi = {10.1016/j.jcp.2009.06.006},
   adsurl = {http://adsabs.harvard.edu/abs/2009JCoPh.228.6833R},
  adsnote = {Provided by the SAO/NASA Astrophysics Data System}
}

@INPROCEEDINGS{NormanEtAl2009,
   author = {{Norman}, M.~L. and {Reynolds}, D.~R. and {So}, G.~C.},
    title = "{Cosmological Radiation Hydrodynamics with Enzo}",
 keywords = {radiative transfer, hydrodynamics, numerical analysis, Radiative transfer; scattering, Hydrodynamics, Numerical approximation and analysis},
booktitle = {American Institute of Physics Conference Series},
     year = 2009,
   series = {American Institute of Physics Conference Series},
   volume = 1171,
   editor = "{I.~Hubeny, J.~M.~Stone, K.~MacGregor, \& K.~Werner}",
    month = sep,
    pages = {260-272},
      doi = {10.1063/1.3250065},
   adsurl = {http://adsabs.harvard.edu/abs/2009AIPC.1171..260N},
  adsnote = {Provided by the SAO/NASA Astrophysics Data System}
}

@ARTICLE{BryanNorman1997,
   author = {{Bryan}, G.~L. and {Norman}, M.~L.},
    title = "{A Hybrid AMR Application for Cosmology and Astrophysics}",
  journal = {ArXiv Astrophysics e-prints},
   eprint = {arXiv:astro-ph/9710187},
 keywords = {Astrophysics},
     year = 1997,
    month = oct,
   adsurl = {http://adsabs.harvard.edu/abs/1997astro.ph.10187B},
  adsnote = {Provided by the SAO/NASA Astrophysics Data System}
}

@ARTICLE{BryanNorman1998,
   author = {{Bryan}, G.~L. and {Norman}, M.~L.},
    title = "{Statistical Properties of X-Ray Clusters: Analytic and Numerical Comparisons}",
  journal = {\apj},
   eprint = {arXiv:astro-ph/9710107},
 keywords = {GALAXIES: CLUSTERS: GENERAL, METHODS: NUMERICAL, X-RAYS: GALAXIES},
     year = 1998,
    month = mar,
   volume = 495,
    pages = {80-+},
      doi = {10.1086/305262},
   adsurl = {http://adsabs.harvard.edu/abs/1998ApJ...495...80B},
  adsnote = {Provided by the SAO/NASA Astrophysics Data System}
}

@ARTICLE{OShea2004,
   author = {{O'Shea}, B.~W. and {Bryan}, G. and {Bordner}, J. and {Norman}, M.~L. and 
	{Abel}, T. and {Harkness}, R. and {Kritsuk}, A.},
    title = "{Introducing Enzo, an AMR Cosmology Application}",
  journal = {ArXiv Astrophysics e-prints (astro-ph/0403044)},
   eprint = {arXiv:astro-ph/0403044},
 keywords = {Astrophysics},
     year = 2004,
    month = mar,
   adsurl = {http://adsabs.harvard.edu/abs/2004astro.ph..3044O},
  adsnote = {Provided by the SAO/NASA Astrophysics Data System}
}

@ARTICLE{CollinsEtAl2009,
   author = {{Collins}, D.~C. and {Xu}, H. and {Norman}, M.~L. and {Li}, H. and 
	{Li}, S.},
    title = "{Cosmological AMR MHD with Enzo}",
  journal = {ArXiv e-prints},
archivePrefix = "arXiv",
   eprint = {0902.2594},
 keywords = {Astrophysics - Instrumentation and Methods for Astrophysics, Astrophysics - Cosmology and Extra-Galactic Astrophysics, Astrophysics - Galactic Astrophysics, Astrophysics - Solar and Stellar Astrophysics},
     year = 2009,
    month = feb,
   adsurl = {http://adsabs.harvard.edu/abs/2009arXiv0902.2594C},
  adsnote = {Provided by the SAO/NASA Astrophysics Data System}
}

@ARTICLE{McDonald2007,
   author = {{McDonald}, P. and {Eisenstein}, D.~J.},
    title = "{Dark energy and curvature from a future baryonic acoustic oscillation survey using the Lyman-{$\alpha$} forest}",
  journal = {\prd},
   eprint = {arXiv:astro-ph/0607122},
     year = 2007,
    month = sep,
   volume = 76,
   number = 6,
    pages = {063009-+},
      doi = {10.1103/PhysRevD.76.063009},
   adsurl = {http://adsabs.harvard.edu/abs/2007PhRvD..76f3009M},
  adsnote = {Provided by the SAO/NASA Astrophysics Data System}
}

@ARTICLE{ArieliEtAl2008,
   author = {{Arieli}, Y. and {Rephaeli}, Y. and {Norman}, M.~L.},
    title = "{A New Approach for Simulating Galaxy Cluster Properties}",
  journal = {\apjl},
archivePrefix = "arXiv",
   eprint = {0806.1644},
 keywords = {Galaxies: Clusters: General, Methods: Numerical},
     year = 2008,
    month = aug,
   volume = 683,
    pages = {L111-L114},
      doi = {10.1086/591499},
   adsurl = {http://adsabs.harvard.edu/abs/2008ApJ...683L.111A},
  adsnote = {Provided by the SAO/NASA Astrophysics Data System}
}

@ARTICLE{Arieli2010,
   author = {{Arieli}, Y. and {Rephaeli}, Y. and {Norman}, M.~L.},
    title = "{In preparation}",
  journal = {\apj},
archivePrefix = "arXiv",
   eprint = {},
 keywords = {Galaxies: Clusters: General, Methods: Numerical},
     year = 2010,
    month = jan,
}

@ARTICLE{Nagai2007,
   author = {{Nagai}, D. and {Vikhlinin}, A. and {Kravtsov}, A.~V.},
    title = "{Testing X-Ray Measurements of Galaxy Clusters with Cosmological Simulations}",
  journal = {\apj},
   eprint = {arXiv:astro-ph/0609247},
 keywords = {Cosmology: Theory, Galaxies: Formation, Methods: Numerical},
     year = 2007,
    month = jan,
   volume = 655,
    pages = {98-108},
      doi = {10.1086/509868},
   adsurl = {http://adsabs.harvard.edu/abs/2007ApJ...655...98N},
  adsnote = {Provided by the SAO/NASA Astrophysics Data System}
}

@ARTICLE{KatzWhite1993,
   author = {{Katz}, N. and {White}, S.~D.~M.},
    title = "{Hierarchical galaxy formation - Overmerging and the formation of an X-ray cluster}",
  journal = {\apj},
 keywords = {DARK MATTER, GALACTIC CLUSTERS, GALACTIC EVOLUTION, X RAY SOURCES, BARYONS, COSMIC GASES, GALACTIC MASS},
     year = 1993,
    month = aug,
   volume = 412,
    pages = {455-478},
      doi = {10.1086/172935},
   adsurl = {http://adsabs.harvard.edu/abs/1993ApJ...412..455K},
  adsnote = {Provided by the SAO/NASA Astrophysics Data System}
}

@ARTICLE{Paschos07,
   author = {{Paschos}, P. and {Norman}, M.~L. and {Bordner}, J.~O. and {Harkness}, R.
	},
    title = "{Late Reheating of the IGM by Quasars: A Radiation Hydrodynamical Simulation of Helium II Reionization}",
  journal = {ArXiv e-prints},
archivePrefix = "arXiv",
   eprint = {0711.1904},
 keywords = {Astrophysics},
     year = 2007,
    month = nov,
   adsurl = {http://adsabs.harvard.edu/abs/2007arXiv0711.1904P},
  adsnote = {Provided by the SAO/NASA Astrophysics Data System}
}

@ARTICLE{Norman09a,
   author = {{Norman}, M.~L. and {Paschos}, P. and {Harkness}, R.},
    title = "{Baryon acoustic oscillations in the Lyman alpha forest}",
  journal = {Journal of Physics Conference Series},
archivePrefix = "arXiv",
   eprint = {0908.0964},
     year = 2009,
    month = jul,
   volume = 180,
   number = 1,
    pages = {012021-+},
      doi = {10.1088/1742-6596/180/1/012021},
   adsurl = {http://adsabs.harvard.edu/abs/2009JPhCS.180a2021N},
  adsnote = {Provided by the SAO/NASA Astrophysics Data System}
}

@ARTICLE{Iliev09,
   author = {{Iliev}, I.~T. and {Whalen}, D. and {Mellema}, G. and {Ahn}, K. and 
	{Baek}, S. and {Gnedin}, N.~Y. and {Kravtsov}, A.~V. and {Norman}, M. and 
	{Raicevic}, M. and {Reynolds}, D.~R. and {Sato}, D. and {Shapiro}, P.~R. and 
	{Semelin}, B. and {Smidt}, J. and {Susa}, H. and {Theuns}, T. and 
	{Umemura}, M.},
    title = "{Cosmological radiative transfer comparison project - II. The radiation-hydrodynamic tests}",
  journal = {\mnras},
archivePrefix = "arXiv",
   eprint = {0905.2920},
 keywords = {radiative transfer , methods: numerical , HII regions , galaxies: high-redshift , intergalactic medium , cosmology: theory},
     year = 2009,
    month = sep,
    pages = {1313-+},
      doi = {10.1111/j.1365-2966.2009.15558.x},
   adsurl = {http://adsabs.harvard.edu/abs/2009MNRAS.tmp.1313I},
  adsnote = {Provided by the SAO/NASA Astrophysics Data System}
}

@ARTICLE{Xu08a,
   author = {{Xu}, H. and {Li}, H. and {Collins}, D. and {Li}, S. and {Norman}, M.~L.
	},
    title = "{Formation of X-Ray Cavities by the Magnetically Dominated Jet-Lobe System in a Galaxy Cluster}",
  journal = {\apjl},
archivePrefix = "arXiv",
   eprint = {0806.3789},
 keywords = {Galaxies: Active, Galaxies: Clusters: General, Galaxies: Jets, Methods: Numerical, Magnetohydrodynamics: MHD},
     year = 2008,
    month = jul,
   volume = 681,
    pages = {L61-L64},
      doi = {10.1086/590407},
   adsurl = {http://adsabs.harvard.edu/abs/2008ApJ...681L..61X},
  adsnote = {Provided by the SAO/NASA Astrophysics Data System}
}

@ARTICLE{Xu08b,
   author = {{Xu}, H. and {O'Shea}, B.~W. and {Collins}, D.~C. and {Norman}, M.~L. and 
	{Li}, H. and {Li}, S.},
    title = "{The Biermann Battery in Cosmological MHD Simulations of Population III Star Formation}",
  journal = {\apjl},
archivePrefix = "arXiv",
   eprint = {0807.2647},
 keywords = {Cosmology: Theory, Galaxies: High-Redshift, Magnetohydrodynamics: MHD, Stars: Formation},
     year = 2008,
    month = dec,
   volume = 688,
    pages = {L57-L60},
      doi = {10.1086/595617},
   adsurl = {http://adsabs.harvard.edu/abs/2008ApJ...688L..57X},
  adsnote = {Provided by the SAO/NASA Astrophysics Data System}
}

@ARTICLE{Xu09,
   author = {{Xu}, H. and {Li}, H. and {Collins}, D.~C. and {Li}, S. and 
	{Norman}, M.~L.},
    title = "{Turbulence and Dynamo in Galaxy Cluster Medium: Implications on the Origin of Cluster Magnetic Fields}",
  journal = {\apjl},
archivePrefix = "arXiv",
   eprint = {0905.2196},
 keywords = {galaxies: active, galaxies: clusters: general, methods: numerical, MHD, turbulence},
     year = 2009,
    month = jun,
   volume = 698,
    pages = {L14-L17},
      doi = {10.1088/0004-637X/698/1/L14},
   adsurl = {http://adsabs.harvard.edu/abs/2009ApJ...698L..14X},
  adsnote = {Provided by the SAO/NASA Astrophysics Data System}
}

@ARTICLE{paschos05,
   author = {{Paschos}, P. and {Norman}, M.~L.},
    title = "{A Statistical Analysis of Intergalactic Medium Transmission Approaching Reionization}",
  journal = {\apj},
   eprint = {arXiv:astro-ph/0412244},
 keywords = {Cosmology: Early Universe, Galaxies: Formation, Galaxies: Intergalactic Medium, Galaxies: Quasars: Absorption Lines},
     year = 2005,
    month = sep,
   volume = 631,
    pages = {59-84},
      doi = {10.1086/431787},
   adsurl = {http://adsabs.harvard.edu/abs/2005ApJ...631...59P},
  adsnote = {Provided by the SAO/NASA Astrophysics Data System}
}

@ARTICLE{McDonaldCen2005,
   author = {{McDonald}, P. and {Seljak}, U. and {Cen}, R. and {Bode}, P. and 
	{Ostriker}, J.~P.},
    title = "{Physical effects on the Ly{$\alpha$} forest flux power spectrum: damping wings, ionizing radiation fluctuations and galactic winds}",
  journal = {\mnras},
   eprint = {arXiv:astro-ph/0407378},
 keywords = {galaxies: high-redshift, intergalactic medium, quasars: absorption lines, cosmology: theory, diffuse radiation, large-scale structure of Universe},
     year = 2005,
    month = jul,
   volume = 360,
    pages = {1471-1482},
      doi = {10.1111/j.1365-2966.2005.09141.x},
   adsurl = {http://adsabs.harvard.edu/abs/2005MNRAS.360.1471M},
  adsnote = {Provided by the SAO/NASA Astrophysics Data System}
}

@ARTICLE{Komatsu09,
   author = {{Komatsu}, E. and {Dunkley}, J. and {Nolta}, M.~R. and {Bennett}, C.~L. and 
	{Gold}, B. and {Hinshaw}, G. and {Jarosik}, N. and {Larson}, D. and 
	{Limon}, M. and {Page}, L. and {Spergel}, D.~N. and {Halpern}, M. and 
	{Hill}, R.~S. and {Kogut}, A. and {Meyer}, S.~S. and {Tucker}, G.~S. and 
	{Weiland}, J.~L. and {Wollack}, E. and {Wright}, E.~L.},
    title = "{Five-Year Wilkinson Microwave Anisotropy Probe Observations: Cosmological Interpretation}",
  journal = {\apjs},
archivePrefix = "arXiv",
   eprint = {0803.0547},
 keywords = {cosmic microwave background, cosmology: observations, dark matter, early universe, instrumentation: detectors, space vehicles: instruments, telescopes},
     year = 2009,
    month = feb,
   volume = 180,
    pages = {330-376},
      doi = {10.1088/0067-0049/180/2/330},
   adsurl = {http://adsabs.harvard.edu/abs/2009ApJS..180..330K},
  adsnote = {Provided by the SAO/NASA Astrophysics Data System}
}

@ARTICLE{Ciardi03,
   author = {{Ciardi}, B. and {Ferrara}, A. and {White}, S.~D.~M.},
    title = "{Early reionization by the first galaxies}",
  journal = {\mnras},
   eprint = {arXiv:astro-ph/0302451},
 keywords = {galaxies: formation, cosmology: observations, cosmology: theory, large-scale structure of Universe},
     year = 2003,
    month = sep,
   volume = 344,
    pages = {L7-L11},
      doi = {10.1046/j.1365-8711.2003.06976.x},
   adsurl = {http://adsabs.harvard.edu/abs/2003MNRAS.344L...7C},
  adsnote = {Provided by the SAO/NASA Astrophysics Data System}
}

@ARTICLE{Sokasian03,
   author = {{Sokasian}, A. and {Abel}, T. and {Hernquist}, L. and {Springel}, V.
	},
    title = "{Cosmic reionization by stellar sources: Population II stars}",
  journal = {\mnras},
   eprint = {arXiv:astro-ph/0303098},
 keywords = {radiative transfer, intergalactic medium, quasars: general, diffuse radiation.},
     year = 2003,
    month = sep,
   volume = 344,
    pages = {607-624},
      doi = {10.1046/j.1365-8711.2003.06847.x},
   adsurl = {http://adsabs.harvard.edu/abs/2003MNRAS.344..607S},
  adsnote = {Provided by the SAO/NASA Astrophysics Data System}
}

@ARTICLE{Zahn07,
   author = {{Zahn}, O. and {Lidz}, A. and {McQuinn}, M. and {Dutta}, S. and 
	{Hernquist}, L. and {Zaldarriaga}, M. and {Furlanetto}, S.~R.
	},
    title = "{Simulations and Analytic Calculations of Bubble Growth during Hydrogen Reionization}",
  journal = {\apj},
   eprint = {arXiv:astro-ph/0604177},
 keywords = {Cosmology: Theory, Galaxies: Intergalactic Medium, Cosmology: Large-Scale Structure of Universe},
     year = 2007,
    month = jan,
   volume = 654,
    pages = {12-26},
      doi = {10.1086/509597},
   adsurl = {http://adsabs.harvard.edu/abs/2007ApJ...654...12Z},
  adsnote = {Provided by the SAO/NASA Astrophysics Data System}
}

@ARTICLE{Furlanetto05,
   author = {{Furlanetto}, S.~R. and {Oh}, S.~P.},
    title = "{Taxing the rich: recombinations and bubble growth during reionization}",
  journal = {\mnras},
   eprint = {arXiv:astro-ph/0505065},
 keywords = {galaxies: evolution, intergalactic medium, cosmology: theory},
     year = 2005,
    month = nov,
   volume = 363,
    pages = {1031-1048},
      doi = {10.1111/j.1365-2966.2005.09505.x},
   adsurl = {http://adsabs.harvard.edu/abs/2005MNRAS.363.1031F},
  adsnote = {Provided by the SAO/NASA Astrophysics Data System}
}

@ARTICLE{Furlanetto04a,
   author = {{Furlanetto}, S.~R. and {Hernquist}, L. and {Zaldarriaga}, M.
	},
    title = "{Constraining the topology of reionization through Ly{$\alpha$} absorption}",
  journal = {\mnras},
   eprint = {arXiv:astro-ph/0406131},
 keywords = {galaxies: high-redshift, intergalactic medium, quasars: absorption lines, cosmology: theory},
     year = 2004,
    month = nov,
   volume = 354,
    pages = {695-707},
      doi = {10.1111/j.1365-2966.2004.08225.x},
   adsurl = {http://adsabs.harvard.edu/abs/2004MNRAS.354..695F},
  adsnote = {Provided by the SAO/NASA Astrophysics Data System}
}

@ARTICLE{Furlanetto04b,
   author = {{Furlanetto}, S.~R. and {Zaldarriaga}, M. and {Hernquist}, L.
	},
    title = "{The Growth of H II Regions During Reionization}",
  journal = {\apj},
   eprint = {arXiv:astro-ph/0403697},
 keywords = {Cosmology: Theory, Cosmology: Diffuse Radiation, ISM: H II Regions, Galaxies: Intergalactic Medium},
     year = 2004,
    month = sep,
   volume = 613,
    pages = {1-15},
      doi = {10.1086/423025},
   adsurl = {http://adsabs.harvard.edu/abs/2004ApJ...613....1F},
  adsnote = {Provided by the SAO/NASA Astrophysics Data System}
}

@ARTICLE{MHR00,
   author = {{Miralda-Escud{\'e}}, J. and {Haehnelt}, M. and {Rees}, M.~J.
	},
    title = "{Reionization of the Inhomogeneous Universe}",
  journal = {\apj},
   eprint = {arXiv:astro-ph/9812306},
 keywords = {COSMOLOGY: THEORY, GALAXIES: INTERGALACTIC MEDIUM, COSMOLOGY: LARGE-SCALE STRUCTURE OF UNIVERSE, GALAXIES: QUASARS: ABSORPTION LINES},
     year = 2000,
    month = feb,
   volume = 530,
    pages = {1-16},
      doi = {10.1086/308330},
   adsurl = {http://adsabs.harvard.edu/abs/2000ApJ...530....1M},
  adsnote = {Provided by the SAO/NASA Astrophysics Data System}
}

@ARTICLE{Shapiro04,
   author = {{Shapiro}, P.~R. and {Iliev}, I.~T. and {Raga}, A.~C.},
    title = "{Photoevaporation of cosmological minihaloes during reionization}",
  journal = {\mnras},
   eprint = {arXiv:astro-ph/0307266},
 keywords = {hydrodynamics, radiative transfer, galaxies: haloes, galaxies: high-redshift, intergalactic medium, cosmology: theory},
     year = 2004,
    month = mar,
   volume = 348,
    pages = {753-782},
      doi = {10.1111/j.1365-2966.2004.07364.x},
   adsurl = {http://adsabs.harvard.edu/abs/2004MNRAS.348..753S},
  adsnote = {Provided by the SAO/NASA Astrophysics Data System}
}

@ARTICLE{ThoulWeinberg96,
   author = {{Thoul}, A.~A. and {Weinberg}, D.~H.},
    title = "{Hydrodynamic Simulations of Galaxy Formation. II. Photoionization and the Formation of Low-Mass Galaxies}",
  journal = {\apj},
   eprint = {arXiv:astro-ph/9510154},
 keywords = {GALAXIES: FORMATION, GALAXIES: KINEMATICS AND DYNAMICS, HYDRODYNAMICS, RADIATIVE TRANSFER},
     year = 1996,
    month = jul,
   volume = 465,
    pages = {608-+},
      doi = {10.1086/177446},
   adsurl = {http://adsabs.harvard.edu/abs/1996ApJ...465..608T},
  adsnote = {Provided by the SAO/NASA Astrophysics Data System}
}

@ARTICLE{Bullock00,
   author = {{Bullock}, J.~S. and {Kravtsov}, A.~V. and {Weinberg}, D.~H.
	},
    title = "{Reionization and the Abundance of Galactic Satellites}",
  journal = {\apj},
   eprint = {arXiv:astro-ph/0002214},
 keywords = {Cosmology: Theory, Galaxies: Formation},
     year = 2000,
    month = aug,
   volume = 539,
    pages = {517-521},
      doi = {10.1086/309279},
   adsurl = {http://adsabs.harvard.edu/abs/2000ApJ...539..517B},
  adsnote = {Provided by the SAO/NASA Astrophysics Data System}
}

@ARTICLE{KoposovEtAl2009,
   author = {{Koposov}, S.~E. and {Yoo}, J. and {Rix}, {H.-W.} and {Weinberg}, D.~H. and 
	{Macci{\`o}}, A.~V. and {Escud{\'e}}, J.~M.},
    title = "{A Quantitative Explanation of the Observed Population of Milky Way Satellite Galaxies}",
  journal = {\apj},
archivePrefix = "arXiv",
   eprint = {0901.2116},
 keywords = {Galaxy: formation, Galaxy: halo, Galaxy: structure, Local Group},
     year = 2009,
    month = may,
   volume = 696,
    pages = {2179-2194},
      doi = {10.1088/0004-637X/696/2/2179},
   adsurl = {http://adsabs.harvard.edu/abs/2009ApJ...696.2179K},
  adsnote = {Provided by the SAO/NASA Astrophysics Data System}
}

@ARTICLE{Skory10,
   author = {{Skory}, S. and {Norman}, M.~L.},
    title = "{In preparation}",
  journal = {\apj},
     year = 2010,
    month = jun
}

@ARTICLE{BryanEtAl1999,
   author = {{Bryan}, G.~L. and {Machacek}, M. and {Anninos}, P. and {Norman}, M.~L.
	},
    title = "{Resolving the LYalpha Forest}",
  journal = {\apj},
   eprint = {arXiv:astro-ph/9805340},
 keywords = {COSMOLOGY: THEORY, GALAXIES: INTERGALACTIC MEDIUM, LINE: PROFILES, GALAXIES: QUASARS: ABSORPTION LINES},
     year = 1999,
    month = may,
   volume = 517,
    pages = {13-30},
      doi = {10.1086/307173},
   adsurl = {http://adsabs.harvard.edu/abs/1999ApJ...517...13B},
  adsnote = {Provided by the SAO/NASA Astrophysics Data System}
}

@ARTICLE{Madau98,
   author = {{Madau}, P. and {Pozzetti}, L. and {Dickinson}, M.},
    title = "{The Star Formation History of Field Galaxies}",
  journal = {\apj},
   eprint = {arXiv:astro-ph/9708220},
 keywords = {GALAXIES: EVOLUTION, GALAXIES: PHOTOMETRY, COSMOLOGY: THEORY, GALAXIES: STELLAR CONTENT},
     year = 1998,
    month = may,
   volume = 498,
    pages = {106-+},
      doi = {10.1086/305523},
   adsurl = {http://adsabs.harvard.edu/abs/1998ApJ...498..106M},
  adsnote = {Provided by the SAO/NASA Astrophysics Data System}
}

@ARTICLE{Steidel99,
   author = {{Steidel}, C.~C. and {Adelberger}, K.~L. and {Giavalisco}, M. and 
	{Dickinson}, M. and {Pettini}, M.},
    title = "{Lyman-Break Galaxies at z<4 and the Evolution of the Ultraviolet Luminosity Density at High Redshift}",
  journal = {\apj},
   eprint = {arXiv:astro-ph/9811399},
 keywords = {CATALOGS, GALAXIES: DISTANCES AND REDSHIFTS, GALAXIES: EVOLUTION, GALAXIES: STATISTICS, GALAXIES: STELLAR CONTENT},
     year = 1999,
    month = jul,
   volume = 519,
    pages = {1-17},
      doi = {10.1086/307363},
   adsurl = {http://adsabs.harvard.edu/abs/1999ApJ...519....1S},
  adsnote = {Provided by the SAO/NASA Astrophysics Data System}
}

@ARTICLE{Calzetti00,
   author = {{Calzetti}, D. and {Armus}, L. and {Bohlin}, R.~C. and {Kinney}, A.~L. and 
	{Koornneef}, J. and {Storchi-Bergmann}, T.},
    title = "{The Dust Content and Opacity of Actively Star-forming Galaxies}",
  journal = {\apj},
   eprint = {arXiv:astro-ph/9911459},
 keywords = {GALAXIES: STARBURST, INFRARED: GALAXIES, INFRARED: ISM: CONTINUUM, ISM: DUST, EXTINCTION},
     year = 2000,
    month = apr,
   volume = 533,
    pages = {682-695},
      doi = {10.1086/308692},
   adsurl = {http://adsabs.harvard.edu/abs/2000ApJ...533..682C},
  adsnote = {Provided by the SAO/NASA Astrophysics Data System}
}

@ARTICLE{Leitherer99,
   author = {{Leitherer}, C. and {Schaerer}, D. and {Goldader}, J.~D. and 
	{Gonz{\'a}lez Delgado}, R.~M. and {Robert}, C. and {Kune}, D.~F. and 
	{de Mello}, D.~F. and {Devost}, D. and {Heckman}, T.~M.},
    title = "{Starburst99: Synthesis Models for Galaxies with Active Star Formation}",
  journal = {\apjs},
   eprint = {arXiv:astro-ph/9902334},
 keywords = {GALAXIES: EVOLUTION, GALAXIES: FUNDAMENTAL PARAMETERS, GALAXIES: STARBURST, GALAXIES: STELLAR CONTENT, METHODS: NUMERICAL},
     year = 1999,
    month = jul,
   volume = 123,
    pages = {3-40},
      doi = {10.1086/313233},
   adsurl = {http://adsabs.harvard.edu/abs/1999ApJS..123....3L},
  adsnote = {Provided by the SAO/NASA Astrophysics Data System}
}

@ARTICLE{Bruzual03,
   author = {{Bruzual}, G. and {Charlot}, S.},
    title = "{Stellar population synthesis at the resolution of 2003}",
  journal = {\mnras},
   eprint = {arXiv:astro-ph/0309134},
 keywords = {stars: evolution, galaxies: evolution, galaxies: formation, galaxies: stellar content},
     year = 2003,
    month = oct,
   volume = 344,
    pages = {1000-1028},
      doi = {10.1046/j.1365-8711.2003.06897.x},
   adsurl = {http://adsabs.harvard.edu/abs/2003MNRAS.344.1000B},
  adsnote = {Provided by the SAO/NASA Astrophysics Data System}
}

@ARTICLE{Becker09,
   author = {{Becker}, G.~D. and {Rauch}, M. and {Sargent}, W.~L.~W.},
    title = "{High-Redshift Metals. I. The Decline of C IV at z < 5.3}",
  journal = {\apj},
archivePrefix = "arXiv",
   eprint = {0812.2856},
 keywords = {cosmology: observations, early universe, intergalactic medium, quasars: absorption lines},
     year = 2009,
    month = jun,
   volume = 698,
    pages = {1010-1019},
      doi = {10.1088/0004-637X/698/2/1010},
   adsurl = {http://adsabs.harvard.edu/abs/2009ApJ...698.1010B},
  adsnote = {Provided by the SAO/NASA Astrophysics Data System}
}

@ARTICLE{Becker06,
   author = {{Becker}, G.~D. and {Sargent}, W.~L.~W. and {Rauch}, M. and 
	{Simcoe}, R.~A.},
    title = "{Discovery of Excess O I Absorption toward the z=6.42 QSO SDSS J1148+5251}",
  journal = {\apj},
   eprint = {arXiv:astro-ph/0511541},
 keywords = {Cosmology: Observations, Cosmology: Early Universe, Galaxies: Intergalactic Medium, Galaxies: Quasars: Absorption Lines, quasars: individual (SDSS J2225-0014), quasars: individual (SDSS J1204-0021 SDSS J0915+4244), quasars: individual (SDSS J0231-0728), quasars: individual (SDSS J0836+0054), quasars: individual (SDSS J0002+2550), quasars: individual (SDSS J1623+3112), quasars: individual (SDSS J1030+0524), quasars: individual (SDSS J1148+5251)},
     year = 2006,
    month = mar,
   volume = 640,
    pages = {69-80},
      doi = {10.1086/500079},
   adsurl = {http://adsabs.harvard.edu/abs/2006ApJ...640...69B},
  adsnote = {Provided by the SAO/NASA Astrophysics Data System}
}

@ARTICLE{FangBryan01,
   author = {{Fang}, T. and {Bryan}, G.~L.},
    title = "{Probing the Intergalactic Medium with the O VI Forest}",
  journal = {\apjl},
   eprint = {arXiv:astro-ph/0109276},
 keywords = {Galaxies: Intergalactic Medium, Cosmology: Large-Scale Structure of Universe, Methods: Numerical, Galaxies: Quasars: Absorption Lines},
     year = 2001,
    month = nov,
   volume = 561,
    pages = {L31-L35},
      doi = {10.1086/324571},
   adsurl = {http://adsabs.harvard.edu/abs/2001ApJ...561L..31F},
  adsnote = {Provided by the SAO/NASA Astrophysics Data System}
}

@ARTICLE{RT06,
   author = {{Iliev}, I.~T. and {Ciardi}, B. and {Alvarez}, M.~A. and {Maselli}, A. and 
	{Ferrara}, A. and {Gnedin}, N.~Y. and {Mellema}, G. and {Nakamoto}, T. and 
	{Norman}, M.~L. and {Razoumov}, A.~O. and {Rijkhorst}, {E.-J.} and 
	{Ritzerveld}, J. and {Shapiro}, P.~R. and {Susa}, H. and {Umemura}, M. and 
	{Whalen}, D.~J.},
    title = "{Cosmological radiative transfer codes comparison project - I. The static density field tests}",
  journal = {\mnras},
   eprint = {arXiv:astro-ph/0603199},
 keywords = {radiative transfer: ISM: bubbles: HII regions: galaxies: formation: intergalactic medium: cosmology: theory, radiative transfer, ISM: bubbles, HII regions, galaxies: formation, intergalactic medium, cosmology: theory},
     year = 2006,
    month = sep,
   volume = 371,
    pages = {1057-1086},
      doi = {10.1111/j.1365-2966.2006.10775.x},
   adsurl = {http://adsabs.harvard.edu/abs/2006MNRAS.371.1057I},
  adsnote = {Provided by the SAO/NASA Astrophysics Data System}
}

@ARTICLE{Iliev06,
   author = {{Iliev}, I.~T. and {Mellema}, G. and {Pen}, {U.-L.} and {Merz}, H. and 
	{Shapiro}, P.~R. and {Alvarez}, M.~A.},
    title = "{Simulating cosmic reionization at large scales - I. The geometry of reionization}",
  journal = {\mnras},
   eprint = {arXiv:astro-ph/0512187},
 keywords = {radiative transfer: methods: numerical: ISM: bubbles: HII regions: galaxies: formation: galaxies: haloes: galaxies: high-redshift: intergalactic medium: cosmology: theory, radiative transfer, methods: numerical, ISM: bubbles, HII regions, galaxies: formation, galaxies: haloes, galaxies: high-redshift, intergalactic medium, cosmology: theory},
     year = 2006,
    month = jul,
   volume = 369,
    pages = {1625-1638},
      doi = {10.1111/j.1365-2966.2006.10502.x},
   adsurl = {http://adsabs.harvard.edu/abs/2006MNRAS.369.1625I},
  adsnote = {Provided by the SAO/NASA Astrophysics Data System}
}

@ARTICLE{Aghanim96,
   author = {{Aghanim}, N. and {Desert}, F.~X. and {Puget}, J.~L. and {Gispert}, R.
	},
    title = "{Ionization by early quasars and cosmic microwave background anisotropies.}",
  journal = {\aap},
   eprint = {arXiv:astro-ph/9604083},
 keywords = {COSMOLOGY: COSMIC MICROWAVE BACKGROUND, QUASARS},
     year = 1996,
    month = jul,
   volume = 311,
    pages = {1-11},
   adsurl = {http://adsabs.harvard.edu/abs/1996A%26A...311....1A},
  adsnote = {Provided by the SAO/NASA Astrophysics Data System}
}

@ARTICLE{Gruzinov98,
   author = {{Gruzinov}, A. and {Hu}, W.},
    title = "{Secondary Cosmic Microwave Background Anisotropies in a Universe Reionized in Patches}",
  journal = {\apj},
   eprint = {arXiv:astro-ph/9803188},
 keywords = {COSMOLOGY: COSMIC MICROWAVE BACKGROUND, COSMOLOGY: THEORY, GALAXIES: INTERGALACTIC MEDIUM, COSMOLOGY: LARGE-SCALE STRUCTURE OF UNIVERSE},
     year = 1998,
    month = dec,
   volume = 508,
    pages = {435-439},
      doi = {10.1086/306432},
   adsurl = {http://adsabs.harvard.edu/abs/1998ApJ...508..435G},
  adsnote = {Provided by the SAO/NASA Astrophysics Data System}
}

@ARTICLE{Knox98,
   author = {{Knox}, L. and {Scoccimarro}, R. and {Dodelson}, S.},
    title = "{Impact of Inhomogeneous Reionization on Cosmic Microwave Background Anisotropy}",
  journal = {Physical Review Letters},
   eprint = {arXiv:astro-ph/9805012},
     year = 1998,
    month = sep,
   volume = 81,
    pages = {2004-2007},
      doi = {10.1103/PhysRevLett.81.2004},
   adsurl = {http://adsabs.harvard.edu/abs/1998PhRvL..81.2004K},
  adsnote = {Provided by the SAO/NASA Astrophysics Data System}
}

@ARTICLE{Hallman09,
   author = {{Hallman}, E.~J. and {O'Shea}, B.~W. and {Smith}, B.~D. and 
	{Burns}, J.~O. and {Norman}, M.~L.},
    title = "{The Santa Fe Light Cone Simulation Project. II. The Prospects for Direct Detection of the Whim with SZE Surveys}",
  journal = {\apj},
archivePrefix = "arXiv",
   eprint = {0903.3239},
 keywords = {cosmic microwave background, cosmology: observations, cosmology: theory, galaxies: clusters: general, hydrodynamics, methods: numerical},
     year = 2009,
    month = jun,
   volume = 698,
    pages = {1795-1802},
      doi = {10.1088/0004-637X/698/2/1795},
   adsurl = {http://adsabs.harvard.edu/abs/2009ApJ...698.1795H},
  adsnote = {Provided by the SAO/NASA Astrophysics Data System}
}

@ARTICLE{Carilli02,
   author = {{Carilli}, C.~L. and {Gnedin}, N.~Y. and {Owen}, F.},
    title = "{H I 21 Centimeter Absorption beyond the Epoch of Reionization}",
  journal = {\apj},
   eprint = {arXiv:astro-ph/0205169},
 keywords = {Galaxies: Active, Galaxies: High-Redshift, Galaxies: Intergalactic Medium, Cosmology: Large-Scale Structure of Universe, Radio Lines: Galaxies},
     year = 2002,
    month = sep,
   volume = 577,
    pages = {22-30},
      doi = {10.1086/342179},
   adsurl = {http://adsabs.harvard.edu/abs/2002ApJ...577...22C},
  adsnote = {Provided by the SAO/NASA Astrophysics Data System}
}

@ARTICLE{FZH04,
   author = {{Furlanetto}, S.~R. and {Zaldarriaga}, M. and {Hernquist}, L.
	},
    title = "{Statistical Probes of Reionization with 21 Centimeter Tomography}",
  journal = {\apj},
   eprint = {arXiv:astro-ph/0404112},
 keywords = {Cosmology: Theory, Cosmology: Diffuse Radiation, Galaxies: Intergalactic Medium, Radio Lines: General},
     year = 2004,
    month = sep,
   volume = 613,
    pages = {16-22},
      doi = {10.1086/423028},
   adsurl = {http://adsabs.harvard.edu/abs/2004ApJ...613...16F},
  adsnote = {Provided by the SAO/NASA Astrophysics Data System}
}

@ARTICLE{ZFH04,
   author = {{Zaldarriaga}, M. and {Furlanetto}, S.~R. and {Hernquist}, L.
	},
    title = "{21 Centimeter Fluctuations from Cosmic Gas at High Redshifts}",
  journal = {\apj},
   eprint = {arXiv:astro-ph/0311514},
 keywords = {Cosmology: Theory, Cosmology: Diffuse Radiation, Galaxies: Intergalactic Medium},
     year = 2004,
    month = jun,
   volume = 608,
    pages = {622-635},
      doi = {10.1086/386327},
   adsurl = {http://adsabs.harvard.edu/abs/2004ApJ...608..622Z},
  adsnote = {Provided by the SAO/NASA Astrophysics Data System}
}

@ARTICLE{McQuinn2005,
   author = {{McQuinn}, M. and {Furlanetto}, S.~R. and {Hernquist}, L. and 
	{Zahn}, O. and {Zaldarriaga}, M.},
    title = "{The Kinetic Sunyaev-Zel'dovich Effect from Reionization}",
  journal = {\apj},
   eprint = {arXiv:astro-ph/0504189},
 keywords = {Cosmology: Cosmic Microwave Background, Cosmology: Theory, Galaxies: Intergalactic Medium},
     year = 2005,
    month = sep,
   volume = 630,
    pages = {643-656},
      doi = {10.1086/432049},
   adsurl = {http://adsabs.harvard.edu/abs/2005ApJ...630..643M},
  adsnote = {Provided by the SAO/NASA Astrophysics Data System}
}

@ARTICLE{Ricotti02b,
   author = {{Ricotti}, M. and {Gnedin}, N.~Y. and {Shull}, J.~M.},
    title = "{The Fate of the First Galaxies. II. Effects of Radiative Feedback}",
  journal = {\apj},
   eprint = {arXiv:astro-ph/0110432},
 keywords = {Cosmology: Theory, Galaxies: Dwarf, Galaxies: Evolution, Galaxies: Formation, Galaxies: High-Redshift, Galaxies: Intergalactic Medium},
     year = 2002,
    month = aug,
   volume = 575,
    pages = {49-67},
      doi = {10.1086/341256},
   adsurl = {http://adsabs.harvard.edu/abs/2002ApJ...575...49R},
  adsnote = {Provided by the SAO/NASA Astrophysics Data System}
}

@ARTICLE{Ricotti02a,
   author = {{Ricotti}, M. and {Gnedin}, N.~Y. and {Shull}, J.~M.},
    title = "{The Fate of the First Galaxies. I. Self-consistent Cosmological Simulations with Radiative Transfer}",
  journal = {\apj},
   eprint = {arXiv:astro-ph/0110431},
 keywords = {Cosmology: Theory, Galaxies: Dwarf, Galaxies: Evolution, Galaxies: Formation, Galaxies: High-Redshift, Galaxies: Intergalactic Medium},
     year = 2002,
    month = aug,
   volume = 575,
    pages = {33-48},
      doi = {10.1086/341255},
   adsurl = {http://adsabs.harvard.edu/abs/2002ApJ...575...33R},
  adsnote = {Provided by the SAO/NASA Astrophysics Data System}
}

@ARTICLE{Black76,
   author = {{Black}, J.~H. and {Dalgarno}, A.},
    title = "{Interstellar H2 - The population of excited rotational states and the infrared response to ultraviolet radiation}",
  journal = {\apj},
 keywords = {FLUORESCENCE, HYDROGEN CLOUDS, INFRARED RADIATION, INTERSTELLAR GAS, MOLECULAR EXCITATION, ULTRAVIOLET ABSORPTION, DIATOMIC GASES, EMISSION SPECTRA, MOLECULAR ENERGY LEVELS, MOLECULAR RELAXATION, MOLECULAR ROTATION, PHOTONS, QUADRUPOLES, TABLES (DATA), TRANSITION PROBABILITIES},
     year = 1976,
    month = jan,
   volume = 203,
    pages = {132-142},
      doi = {10.1086/154055},
   adsurl = {http://adsabs.harvard.edu/abs/1976ApJ...203..132B},
  adsnote = {Provided by the SAO/NASA Astrophysics Data System}
}

@ARTICLE{ABN02,
   author = {{Abel}, T. and {Bryan}, G.~L. and {Norman}, M.~L.},
    title = "{The Formation of the First Star in the Universe}",
  journal = {Science},
   eprint = {arXiv:astro-ph/0112088},
     year = 2002,
    month = jan,
   volume = 295,
    pages = {93-98},
      doi = {10.1126/science.1063991},
   adsurl = {http://adsabs.harvard.edu/abs/2002Sci...295...93A},
  adsnote = {Provided by the SAO/NASA Astrophysics Data System}
}

@ARTICLE{yoshida03,
   author = {{Yoshida}, N. and {Abel}, T. and {Hernquist}, L. and {Sugiyama}, N.
	},
    title = "{Simulations of Early Structure Formation: Primordial Gas Clouds}",
  journal = {\apj},
   eprint = {arXiv:astro-ph/0301645},
 keywords = {Cosmology: Theory, Cosmology: Early Universe, Galaxies: Formation, Stars: Formation},
     year = 2003,
    month = aug,
   volume = 592,
    pages = {645-663},
      doi = {10.1086/375810},
   adsurl = {http://adsabs.harvard.edu/abs/2003ApJ...592..645Y},
  adsnote = {Provided by the SAO/NASA Astrophysics Data System}
}

@ARTICLE{2002ApJ...567..532H,
   author = {{Heger}, A. and {Woosley}, S.~E.},
    title = "{The Nucleosynthetic Signature of Population III}",
  journal = {\apj},
   eprint = {arXiv:astro-ph/0107037},
 keywords = {Nuclear Reactions, Nucleosynthesis, Abundances, Stars: Early-Type, Stars: Supernovae: General},
     year = 2002,
    month = mar,
   volume = 567,
    pages = {532-543},
      doi = {10.1086/338487},
   adsurl = {http://adsabs.harvard.edu/abs/2002ApJ...567..532H},
  adsnote = {Provided by the SAO/NASA Astrophysics Data System}
}

@ARTICLE{oshea07a,
   author = {{O'Shea}, B.~W. and {Norman}, M.~L.},
    title = "{Population III Star Formation in a LCDM Universe. I. The Effect of Formation Redshift and Environment on Protostellar Accretion Rate}",
  journal = {\apj},
   eprint = {arXiv:astro-ph/0607013},
 keywords = {Cosmology: Theory, Galaxies: High-Redshift, Hydrodynamics, Stars: Formation},
     year = 2007,
    month = jan,
   volume = 654,
    pages = {66-92},
      doi = {10.1086/509250},
   adsurl = {http://adsabs.harvard.edu/abs/2007ApJ...654...66O},
  adsnote = {Provided by the SAO/NASA Astrophysics Data System}
}

@ARTICLE{Malhotra04,
   author = {{Malhotra}, S. and {Rhoads}, J.~E.},
    title = "{Luminosity Functions of Ly{$\alpha$} Emitters at Redshifts z=6.5 and z=5.7: Evidence against Reionization at z<=6.5}",
  journal = {\apjl},
   eprint = {arXiv:astro-ph/0407408},
 keywords = {Galaxies: Evolution, Galaxies: Formation, Galaxies: High-Redshift, Galaxies: Luminosity Function, Mass Function, Galaxies: Intergalactic Medium},
     year = 2004,
    month = dec,
   volume = 617,
    pages = {L5-L8},
      doi = {10.1086/427182},
   adsurl = {http://adsabs.harvard.edu/abs/2004ApJ...617L...5M},
  adsnote = {Provided by the SAO/NASA Astrophysics Data System}
}

@INPROCEEDINGS{Glover08,
   author = {{Glover}, S.},
    title = "{Chemistry and Cooling in Metal-Free and Metal-Poor Gas}",
 keywords = {surface chemistry, cooling, hydrodynamics, star formation, cosmology, interstellar molecular clouds},
booktitle = {First Stars III},
     year = 2008,
   series = {American Institute of Physics Conference Series},
   volume = 990,
   editor = "{B.~W.~O'Shea \& A.~Heger}",
    month = mar,
    pages = {25-29},
      doi = {10.1063/1.2905558},
   adsurl = {http://adsabs.harvard.edu/abs/2008AIPC..990...25G},
  adsnote = {Provided by the SAO/NASA Astrophysics Data System}
}

@ARTICLE{shin08,
   author = {{Shin}, {M.-S.} and {Trac}, H. and {Cen}, R.},
    title = "{Cosmological H II Bubble Growth during Reionization}",
  journal = {\apj},
archivePrefix = "arXiv",
   eprint = {0708.2425},
 keywords = {Cosmology: Theory, Cosmology: Early Universe, Galaxies: Intergalactic Medium, Cosmology: Large-Scale Structure of Universe, Methods: Numerical, Radiative Transfer},
     year = 2008,
    month = jul,
   volume = 681,
    pages = {756-770},
      doi = {10.1086/588247},
   adsurl = {http://adsabs.harvard.edu/abs/2008ApJ...681..756S},
  adsnote = {Provided by the SAO/NASA Astrophysics Data System}
}

@ARTICLE{Ricotti05,
   author = {{Ricotti}, M. and {Ostriker}, J.~P. and {Gnedin}, N.~Y.},
    title = "{X-ray pre-ionization powered by accretion on the first black holes - II. Cosmological simulations and observational signatures}",
  journal = {\mnras},
   eprint = {arXiv:astro-ph/0404318},
 keywords = {methods: numerical, cosmology: theory},
     year = 2005,
    month = feb,
   volume = 357,
    pages = {207-219},
      doi = {10.1111/j.1365-2966.2004.08623.x},
   adsurl = {http://adsabs.harvard.edu/abs/2005MNRAS.357..207R},
  adsnote = {Provided by the SAO/NASA Astrophysics Data System}
}

@ARTICLE{klypin99,
   author = {{Klypin}, A. and {Gottl{\"o}ber}, S. and {Kravtsov}, A.~V. and 
	{Khokhlov}, A.~M.},
    title = "{Galaxies in N-Body Simulations: Overcoming the Overmerging Problem}",
  journal = {\apj},
   eprint = {arXiv:astro-ph/9708191},
 keywords = {COSMOLOGY: THEORY, GALAXIES: FORMATION, GALAXIES: HALOS, COSMOLOGY: LARGE-SCALE STRUCTURE OF UNIVERSE, METHODS: NUMERICAL},
     year = 1999,
    month = may,
   volume = 516,
    pages = {530-551},
      doi = {10.1086/307122},
   adsurl = {http://adsabs.harvard.edu/abs/1999ApJ...516..530K},
  adsnote = {Provided by the SAO/NASA Astrophysics Data System}
}

@BOOK{Rybicki,
   author = {{Rybicki}, G.~B. and {Lightman}, A.~P.},
    title = "{Radiative processes in astrophysics}",
 keywords = {ASTROPHYSICS, RADIATIVE TRANSFER, ATOMIC STRUCTURE, BREMSSTRAHLUNG, COMPTON EFFECT, COVARIANCE, KINEMATICS, MOLECULAR STRUCTURE, PLASMA RADIATION, RADIATION DISTRIBUTION, RELATIVISTIC EFFECTS, SYNCHROTRON RADIATION},
booktitle = {New York, Wiley-Interscience, 1979.~393 p.},
     year = 1979,
   editor = "{Rybicki, G.~B.~\& Lightman, A.~P.}",
   adsurl = {http://adsabs.harvard.edu/abs/1979rpa..book.....R},
  adsnote = {Provided by the SAO/NASA Astrophysics Data System}
}

@ARTICLE{Gnedin97,
   author = {{Gnedin}, N.~Y. and {Ostriker}, J.~P.},
    title = "{Reionization of the Universe and the Early Production of Metals}",
  journal = {\apj},
   eprint = {arXiv:astro-ph/9612127},
 keywords = {COSMOLOGY: LARGE-SCALE STRUCTURE OF UNIVERSE, COSMOLOGY: THEORY, COSMOLOGY: EARLY UNIVERSE, GALAXIES: FORMATION, GALAXIES: INTERGALACTIC MEDIUM},
     year = 1997,
    month = sep,
   volume = 486,
    pages = {581-+},
      doi = {10.1086/304548},
   adsurl = {http://adsabs.harvard.edu/abs/1997ApJ...486..581G},
  adsnote = {Provided by the SAO/NASA Astrophysics Data System}
}

@ARTICLE{HEALPix,
   author = {{G{\'o}rski}, K.~M. and {Hivon}, E. and {Banday}, A.~J. and 
	{Wandelt}, B.~D. and {Hansen}, F.~K. and {Reinecke}, M. and 
	{Bartelmann}, M.},
    title = "{HEALPix: A Framework for High-Resolution Discretization and Fast Analysis of Data Distributed on the Sphere}",
  journal = {\apj},
   eprint = {arXiv:astro-ph/0409513},
 keywords = {Cosmology: Cosmic Microwave Background, Cosmology: Observations, Methods: Statistical},
     year = 2005,
    month = apr,
   volume = 622,
    pages = {759-771},
      doi = {10.1086/427976},
   adsurl = {http://adsabs.harvard.edu/abs/2005ApJ...622..759G},
  adsnote = {Provided by the SAO/NASA Astrophysics Data System}
}

@ARTICLE{Abel02_RT,
   author = {{Abel}, T. and {Wandelt}, B.~D.},
    title = "{Adaptive ray tracing for radiative transfer around point sources}",
  journal = {\mnras},
   eprint = {arXiv:astro-ph/0111033},
 keywords = {HYDRODYNAMICS, RADIATIVE TRANSFER, METHODS: N -BODY SIMULATIONS, METHODS: NUMERICAL, ISM: EVOLUTION, COSMOLOGY: THEORY, hydrodynamics; radiative transfer; methods: N-body simulations; methods: numerical; ISM: evolution; cosmology: theory},
     year = 2002,
    month = mar,
   volume = 330,
    pages = {L53-L56},
      doi = {10.1046/j.1365-8711.2002.05206.x},
   adsurl = {http://adsabs.harvard.edu/abs/2002MNRAS.330L..53A},
  adsnote = {Provided by the SAO/NASA Astrophysics Data System}
}

@ARTICLE{Abel99_RT,
   author = {{Abel}, T. and {Norman}, M.~L. and {Madau}, P.},
    title = "{Photon-conserving Radiative Transfer around Point Sources in Multidimensional Numerical Cosmology}",
  journal = {\apj},
   eprint = {arXiv:astro-ph/9812151},
 keywords = {COSMOLOGY: THEORY, GALAXIES: FORMATION, GALAXIES: ISM, GALAXIES: INTERGALACTIC MEDIUM, RADIATIVE TRANSFER},
     year = 1999,
    month = sep,
   volume = 523,
    pages = {66-71},
      doi = {10.1086/307739},
   adsurl = {http://adsabs.harvard.edu/abs/1999ApJ...523...66A},
  adsnote = {Provided by the SAO/NASA Astrophysics Data System}
}

@BOOK{Spitzer78,
   author = {{Spitzer}, L.},
    title = "{Physical processes in the interstellar medium}",
 keywords = {ASTROPHYSICS, INTERSTELLAR CHEMISTRY, INTERSTELLAR MATTER, DISSOCIATION, EXCITATION, GRAVITATIONAL EFFECTS, H II REGIONS, IONIZATION, OPTICAL PROPERTIES, POLARIZED ELECTROMAGNETIC RADIATION, RADIATIVE TRANSFER, SHOCK WAVES, THERMODYNAMIC EQUILIBRIUM},
booktitle = {New York Wiley-Interscience, 1978.~333 p.},
     year = 1978,
   editor = "{Spitzer, L.}",
   adsurl = {http://adsabs.harvard.edu/abs/1978ppim.book.....S},
  adsnote = {Provided by the SAO/NASA Astrophysics Data System}
}

@ARTICLE{Draine96,
   author = {{Draine}, B.~T. and {Bertoldi}, F.},
    title = "{Structure of Stationary Photodissociation Fronts}",
  journal = {\apj},
   eprint = {arXiv:astro-ph/9603032},
 keywords = {INFRARED: ISM: LINES AND BANDS, ISM: REFLECTION NEBULAE, MOLECULAR PROCESSES, RADIATIVE TRANSFER, ULTRAVIOLET: ISM},
     year = 1996,
    month = sep,
   volume = 468,
    pages = {269-+},
      doi = {10.1086/177689},
   adsurl = {http://adsabs.harvard.edu/abs/1996ApJ...468..269D},
  adsnote = {Provided by the SAO/NASA Astrophysics Data System}
}

@ARTICLE{Ricotti01,
   author = {{Ricotti}, M. and {Gnedin}, N.~Y. and {Shull}, J.~M.},
    title = "{Feedback from Galaxy Formation: Production and Photodissociation of Primordial H_{2}}",
  journal = {\apj},
   eprint = {arXiv:astro-ph/0012335},
 keywords = {Cosmology: Theory, Galaxies: Formation, Galaxies: Intergalactic Medium},
     year = 2001,
    month = oct,
   volume = 560,
    pages = {580-591},
      doi = {10.1086/323051},
   adsurl = {http://adsabs.harvard.edu/abs/2001ApJ...560..580R},
  adsnote = {Provided by the SAO/NASA Astrophysics Data System}
}

@ARTICLE{Shull85,
   author = {{Shull}, J.~M. and {van Steenberg}, M.~E.},
    title = "{X-ray secondary heating and ionization in quasar emission-line clouds}",
  journal = {\apj},
 keywords = {EMISSION SPECTRA, GALACTIC NUCLEI, INTERSTELLAR GAS, PHOTOIONIZATION, QUASARS, X RAY ASTRONOMY, ASTRONOMICAL MODELS, COMPUTATIONAL ASTROPHYSICS, ELECTRON ENERGY, ELECTRON SCATTERING, RADIANT HEATING, SECONDARY EMISSION},
     year = 1985,
    month = nov,
   volume = 298,
    pages = {268-274},
      doi = {10.1086/163605},
   adsurl = {http://adsabs.harvard.edu/abs/1985ApJ...298..268S},
  adsnote = {Provided by the SAO/NASA Astrophysics Data System}
}

@ARTICLE{BergerAMR,
   author = {{Berger}, M.~J. and {Colella}, P.},
    title = "{Local adaptive mesh refinement for shock hydrodynamics}",
  journal = {Journal of Computational Physics},
 keywords = {CONSERVATION LAWS, GRID GENERATION (MATHEMATICS), HYDRODYNAMICS, SHOCK WAVES, ALGORITHMS, BOUNDARY INTEGRAL METHOD, DISCONTINUITY, ERROR ANALYSIS, EULER EQUATIONS OF MOTION, NUMERICAL ANALYSIS},
     year = 1989,
    month = may,
   volume = 82,
    pages = {64-84},
      doi = {10.1016/0021-9991(89)90035-1},
   adsurl = {http://adsabs.harvard.edu/abs/1989JCoPh..82...64B},
  adsnote = {Provided by the SAO/NASA Astrophysics Data System}
}

@ARTICLE{Krumholz07_ART,
   author = {{Krumholz}, M.~R. and {Stone}, J.~M. and {Gardiner}, T.~A.},
    title = "{Magnetohydrodynamic Evolution of H II Regions in Molecular Clouds: Simulation Methodology, Tests, and Uniform Media}",
  journal = {\apj},
   eprint = {arXiv:astro-ph/0606539},
 keywords = {ISM: H II Regions, Instabilities, ISM: Kinematics and Dynamics, Magnetohydrodynamics: MHD, Methods: Numerical, Radiative Transfer},
     year = 2007,
    month = dec,
   volume = 671,
    pages = {518-535},
      doi = {10.1086/522665},
   adsurl = {http://adsabs.harvard.edu/abs/2007ApJ...671..518K},
  adsnote = {Provided by the SAO/NASA Astrophysics Data System}
}

@ARTICLE{Mellema06,
   author = {{Mellema}, G. and {Iliev}, I.~T. and {Alvarez}, M.~A. and {Shapiro}, P.~R.
	},
    title = "{C^{2}-ray: A new method for photon-conserving transport of ionizing radiation}",
  journal = {New Astronomy},
   eprint = {arXiv:astro-ph/0508416},
     year = 2006,
    month = mar,
   volume = 11,
    pages = {374-395},
      doi = {10.1016/j.newast.2005.09.004},
   adsurl = {http://adsabs.harvard.edu/abs/2006NewA...11..374M},
  adsnote = {Provided by the SAO/NASA Astrophysics Data System}
}

@ARTICLE{Franco90,
   author = {{Franco}, J. and {Tenorio-Tagle}, G. and {Bodenheimer}, P.},
    title = "{On the formation and expansion of H II regions}",
  journal = {\apj},
 keywords = {COMPUTATIONAL ASTROPHYSICS, H II REGIONS, STELLAR EVOLUTION, DENSITY DISTRIBUTION, GAS IONIZATION, GRAVITATIONAL EFFECTS, RADIATION DISTRIBUTION, SHOCK FRONTS},
     year = 1990,
    month = jan,
   volume = 349,
    pages = {126-140},
      doi = {10.1086/168300},
   adsurl = {http://adsabs.harvard.edu/abs/1990ApJ...349..126F},
  adsnote = {Provided by the SAO/NASA Astrophysics Data System}
}

@ARTICLE{Alvarez06_IFT,
   author = {{Alvarez}, M.~A. and {Bromm}, V. and {Shapiro}, P.~R.},
    title = "{The H II Region of the First Star}",
  journal = {\apj},
   eprint = {arXiv:astro-ph/0507684},
 keywords = {Cosmology: Theory, Galaxies: Formation, Galaxies: Intergalactic Medium, Stars: Formation},
     year = 2006,
    month = mar,
   volume = 639,
    pages = {621-632},
      doi = {10.1086/499578},
   adsurl = {http://adsabs.harvard.edu/abs/2006ApJ...639..621A},
  adsnote = {Provided by the SAO/NASA Astrophysics Data System}
}

@ARTICLE{Gnedin01_OTVET,
   author = {{Gnedin}, N.~Y. and {Abel}, T.},
    title = "{Multi-dimensional cosmological radiative transfer with a Variable Eddington Tensor formalism}",
  journal = {New Astronomy},
   eprint = {arXiv:astro-ph/0106278},
     year = 2001,
    month = oct,
   volume = 6,
    pages = {437-455},
      doi = {10.1016/S1384-1076(01)00068-9},
   adsurl = {http://adsabs.harvard.edu/abs/2001NewA....6..437G},
  adsnote = {Provided by the SAO/NASA Astrophysics Data System}
}

@ARTICLE{Stroemgren39,
   author = {{Str{\"o}mgren}, B.},
    title = "{The Physical State of Interstellar Hydrogen.}",
  journal = {\apj},
     year = 1939,
    month = may,
   volume = 89,
    pages = {526-+},
      doi = {10.1086/144074},
   adsurl = {http://adsabs.harvard.edu/abs/1939ApJ....89..526S},
  adsnote = {Provided by the SAO/NASA Astrophysics Data System}
}

@ARTICLE{Bisbas09,
   author = {{Bisbas}, T.~G. and {W{\"u}nsch}, R. and {Whitworth}, A.~P. and 
	{Hubber}, D.~A.},
    title = "{Smoothed particle hydrodynamics simulations of expanding H II regions. I. Numerical method and applications}",
  journal = {\aap},
archivePrefix = "arXiv",
   eprint = {0902.2374},
 keywords = {methods: numerical, radiative transfer, ISM: HII regions},
     year = 2009,
    month = apr,
   volume = 497,
    pages = {649-659},
      doi = {10.1051/0004-6361/200811522},
   adsurl = {http://adsabs.harvard.edu/abs/2009A%26A...497..649B},
  adsnote = {Provided by the SAO/NASA Astrophysics Data System}
}

@ARTICLE{Yorke86,
   author = {{Yorke}, H.~W.},
    title = "{The dynamical evolution of H II regions - Recent theoretical developments}",
  journal = {\araa},
 keywords = {H II REGIONS, INTERSTELLAR MATTER, MOLECULAR CLOUDS, BOUNDARY CONDITIONS, BOUNDARY VALUE PROBLEMS, IONIZATION, MAGNETOHYDRODYNAMICS, NEBULAE, RADIATIVE TRANSFER, RECOMBINATION REACTIONS, STELLAR EVOLUTION},
     year = 1986,
   volume = 24,
    pages = {49-87},
      doi = {10.1146/annurev.aa.24.090186.000405},
   adsurl = {http://adsabs.harvard.edu/abs/1986ARA%26A..24...49Y},
  adsnote = {Provided by the SAO/NASA Astrophysics Data System}
}

@ARTICLE{Liska03,
   author = {{Liska}, R. and {Wendroff}, B.},
    title = "{Comparison of Several Difference Schemes on 1D and 2D Test Problems for the Euler Equations}",
  journal = {SIAM Journal on Scientific Computing},
     year = 2003,
   volume = 25,
    pages = {995-1017},
}

@ARTICLE{Truelove99,
   author = {{Truelove}, J.~K. and {McKee}, C.~F.},
    title = "{Evolution of Nonradiative Supernova Remnants}",
  journal = {\apjs},
 keywords = {HYDRODYNAMICS, SHOCK WAVES, ISM: SUPERNOVA REMNANTS, STARS: SUPERNOVAE: GENERAL},
     year = 1999,
    month = feb,
   volume = 120,
    pages = {299-326},
      doi = {10.1086/313176},
   adsurl = {http://adsabs.harvard.edu/abs/1999ApJS..120..299T},
  adsnote = {Provided by the SAO/NASA Astrophysics Data System}
}

@ARTICLE{Wang10,
   author = {{Wang}, P. and {Li}, {Z.-Y.} and {Abel}, T. and {Nakamura}, F.
	},
    title = "{Outflow Feedback Regulated Massive Star Formation in Parsec-Scale Cluster-Forming Clumps}",
  journal = {\apj},
archivePrefix = "arXiv",
   eprint = {0908.4129},
 keywords = {ISM: jets and outflows, magnetic fields, methods: numerical, magnetohydrodynamics: MHD, stars: formation, turbulence},
     year = 2010,
    month = jan,
   volume = 709,
    pages = {27-41},
      doi = {10.1088/0004-637X/709/1/27},
   adsurl = {http://adsabs.harvard.edu/abs/2010ApJ...709...27W},
  adsnote = {Provided by the SAO/NASA Astrophysics Data System}
}

@ARTICLE{Wang09,
   author = {{Wang}, P. and {Abel}, T.},
    title = "{Magnetohydrodynamic Simulations of Disk Galaxy Formation: The Magnetization of the Cold and Warm Medium}",
  journal = {\apj},
archivePrefix = "arXiv",
   eprint = {0712.0872},
 keywords = {galaxies: formation, galaxies: ISM},
     year = 2009,
    month = may,
   volume = 696,
    pages = {96-109},
      doi = {10.1088/0004-637X/696/1/96},
   adsurl = {http://adsabs.harvard.edu/abs/2009ApJ...696...96W},
  adsnote = {Provided by the SAO/NASA Astrophysics Data System}
}

@ARTICLE{Dedner02,
   author = {{Dedner}, A. and {Kemm}, F. and {Kr{\"o}ner}, D. and {Munz}, {C.-D.} and 
	{Schnitzer}, T. and {Wesenberg}, M.},
    title = "{Hyperbolic Divergence Cleaning for the MHD Equations}",
  journal = {Journal of Computational Physics},
     year = 2002,
    month = jan,
   volume = 175,
    pages = {645-673},
      doi = {10.1006/jcph.2001.6961},
   adsurl = {http://adsabs.harvard.edu/abs/2002JCoPh.175..645D},
  adsnote = {Provided by the SAO/NASA Astrophysics Data System}
}

@ARTICLE{Stone08,
   author = {{Stone}, J.~M. and {Gardiner}, T.~A. and {Teuben}, P. and {Hawley}, J.~F. and 
	{Simon}, J.~B.},
    title = "{Athena: A New Code for Astrophysical MHD}",
  journal = {\apjs},
archivePrefix = "arXiv",
   eprint = {0804.0402},
 keywords = {Hydrodynamics, Magnetohydrodynamics: MHD, Methods: Numerical},
     year = 2008,
    month = sep,
   volume = 178,
    pages = {137-177},
      doi = {10.1086/588755},
   adsurl = {http://adsabs.harvard.edu/abs/2008ApJS..178..137S},
  adsnote = {Provided by the SAO/NASA Astrophysics Data System}
}

@INPROCEEDINGS{yt,
  author =       {{Turk}, M.~J.},
  title =        {Analysis and Visualization of Multi-Scale Astrophysical
Simulations Using Python and NumPy},
  booktitle =   {Proceedings of the 7th Python in Science Conference},
  pages =     {46 - 50},
  address = {Pasadena, CA USA},
  year =      {2008},
  editor =    {Ga\"el Varoquaux and Travis Vaught and Jarrod Millman},
}

@ARTICLE{yt_full_paper,
   author = {{Turk}, M.~J. and {Smith}, B.~D. and {Oishi}, J.~S. and {Skory}, S. and 
	{Skillman}, S.~W. and {Abel}, T. and {Norman}, M.~L.},
    title = "{yt: A Multi-code Analysis Toolkit for Astrophysical Simulation Data}",
  journal = {\apjs},
archivePrefix = "arXiv",
   eprint = {1011.3514},
 primaryClass = "astro-ph.IM",
 keywords = {cosmology: theory, methods: data analysis, methods: numerical },
     year = 2011,
    month = jan,
   volume = 192,
    pages = {9-+},
      doi = {10.1088/0067-0049/192/1/9},
   adsurl = {http://adsabs.harvard.edu/abs/2011ApJS..192....9T},
  adsnote = {Provided by the SAO/NASA Astrophysics Data System}
}

@ARTICLE{Petkova09,
   author = {{Petkova}, M. and {Springel}, V.},
    title = "{An implementation of radiative transfer in the cosmological simulation code GADGET}",
  journal = {\mnras},
archivePrefix = "arXiv",
   eprint = {0812.1801},
 keywords = {radiative transfer , methods: numerical},
     year = 2009,
    month = jul,
   volume = 396,
    pages = {1383-1403},
      doi = {10.1111/j.1365-2966.2009.14843.x},
   adsurl = {http://adsabs.harvard.edu/abs/2009MNRAS.396.1383P},
  adsnote = {Provided by the SAO/NASA Astrophysics Data System}
}

@BOOK{Osterbrock89,
   author = {{Osterbrock}, D.~E.},
    title = "{Astrophysics of gaseous nebulae and active galactic nuclei}",
 keywords = {ACTIVE GALACTIC NUCLEI, ASTROPHYSICS, PLANETARY NEBULAE, QUASARS, SEYFERT GALAXIES, COMPUTATIONAL ASTROPHYSICS, COSMIC DUST, EMISSION SPECTRA, INTERSTELLAR MATTER, PHOTOIONIZATION, SPECTRUM ANALYSIS, STELLAR PHYSICS, SUPERNOVA REMNANTS, THERMODYNAMIC EQUILIBRIUM},
booktitle = {Research supported by the University of California, John Simon Guggenheim Memorial Foundation, University of Minnesota, et al.~Mill Valley, CA, University Science Books, 1989, 422 p.},
     year = 1989,
   editor = "{Osterbrock, D.~E.}",
   adsurl = {http://adsabs.harvard.edu/abs/1989agna.book.....O},
  adsnote = {Provided by the SAO/NASA Astrophysics Data System}
}

@ARTICLE{Pawlik10,
   author = {{Pawlik}, A.~H. and {Schaye}, J.},
    title = "{Multi-frequency, thermally coupled radiative transfer with TRAPHIC: Method and tests}",
  journal = {ArXiv e-prints},
archivePrefix = "arXiv",
   eprint = {1008.1071},
 primaryClass = "astro-ph.IM",
 keywords = {Astrophysics - Instrumentation and Methods for Astrophysics, Astrophysics - Cosmology and Extragalactic Astrophysics},
     year = 2010,
    month = aug,
   adsurl = {http://adsabs.harvard.edu/abs/2010arXiv1008.1071P},
  adsnote = {Provided by the SAO/NASA Astrophysics Data System}
}

@ARTICLE{PLM,
   author = {{van Leer}, B.},
    title = "{Towards the Ultimate Conservative Difference Scheme. IV. A New Approach to Numerical Convection}",
  journal = {Journal of Computational Physics},
     year = 1977,
    month = mar,
   volume = 23,
    pages = {276-+},
      doi = {10.1016/0021-9991(77)90095-X},
   adsurl = {http://adsabs.harvard.edu/abs/1977JCoPh..23..276V},
  adsnote = {Provided by the SAO/NASA Astrophysics Data System}
}

@article{HLL,
author = {Amiram Harten and Peter D. Lax and Bram van Leer},
collaboration = {},
title = {On Upstream Differencing and Godunov-Type Schemes for Hyperbolic Conservation Laws},
publisher = {SIAM},
year = {1983},
journal = {SIAM Review},
volume = {25},
number = {1},
pages = {35-61},
url = {http://link.aip.org/link/?SIR/25/35/1},
doi = {10.1137/1025002}
}

@ARTICLE{Miralda00,
   author = {{Miralda-Escud{\'e}}, J. and {Haehnelt}, M. and {Rees}, M.~J.
	},
    title = "{Reionization of the Inhomogeneous Universe}",
  journal = {\apj},
   eprint = {arXiv:astro-ph/9812306},
 keywords = {COSMOLOGY: THEORY, GALAXIES: INTERGALACTIC MEDIUM, COSMOLOGY: LARGE-SCALE STRUCTURE OF UNIVERSE, GALAXIES: QUASARS: ABSORPTION LINES},
     year = 2000,
    month = feb,
   volume = 530,
    pages = {1-16},
      doi = {10.1086/308330},
   adsurl = {http://adsabs.harvard.edu/abs/2000ApJ...530....1M},
  adsnote = {Provided by the SAO/NASA Astrophysics Data System}
}

@ARTICLE{Hester96,
   author = {{Hester}, J.~J. and {Scowen}, P.~A. and {Sankrit}, R. and
                  {Lauer}, T.~R. and {Ajhar}, E.~A. and {Baum},
                  W.~A. and {Code}, A. and {Currie}, D.~G. and
                  {Danielson}, G.~E. and {Ewald}, S.~P. and {Faber},
                  S.~M. and {Grillmair}, C.~J. and {Groth}, E.~J. and
                  {Holtzman}, J.~A. and {Hunter}, D.~A. and
                  {Kristian}, J. and {Light}, R.~M. and {Lynds},
                  C.~R. and {Monet}, D.~G. and {O'Neil}, Jr.,
                  E.~J. and {Shaya}, E.~J. and {Seidelmann}, K.~P. and
                  {Westphal}, J.~A.},
    title = "{Hubble Space Telescope WFPC2 Imaging of M16: Photoevaporation and Emerging Young Stellar Objects}",
  journal = {\aj},
 keywords = {ISM: INDIVIDUAL: M16, HII REGIONS, STARS: FORMATION},
     year = 1996,
    month = jun,
   volume = 111,
    pages = {2349-+},
      doi = {10.1086/117968},
   adsurl = {http://adsabs.harvard.edu/abs/1996AJ....111.2349H},
  adsnote = {Provided by the SAO/NASA Astrophysics Data System}
}
@ARTICLE{Frieman54,
   author = {{Frieman}, E.~A.},
    title = "{On Elephant-Trunk Structures in the Region of O Associations.}",
  journal = {\apj},
     year = 1954,
    month = jul,
   volume = 120,
    pages = {18-+},
      doi = {10.1086/145877},
   adsurl = {http://adsabs.harvard.edu/abs/1954ApJ...120...18F},
  adsnote = {Provided by the SAO/NASA Astrophysics Data System}
}

@ARTICLE{Mathews65,
   author = {{Mathews}, W.~G.},
    title = "{The Time Evolution of an H II Region.}",
  journal = {\apj},
     year = 1965,
    month = oct,
   volume = 142,
    pages = {1120-+},
      doi = {10.1086/148382},
   adsurl = {http://adsabs.harvard.edu/abs/1965ApJ...142.1120M},
  adsnote = {Provided by the SAO/NASA Astrophysics Data System}
}

@ARTICLE{Lasker66,
   author = {{Lasker}, B.~M.},
    title = "{An Investigation of the Dynamics of Old H II Regions}",
  journal = {\apj},
     year = 1966,
    month = mar,
   volume = 143,
    pages = {700-+},
      doi = {10.1086/148552},
   adsurl = {http://adsabs.harvard.edu/abs/1966ApJ...143..700L},
  adsnote = {Provided by the SAO/NASA Astrophysics Data System}
}

@ARTICLE{Hjellming66,
   author = {{Hjellming}, R.~M.},
    title = "{Physical Processes in H II Regions}",
  journal = {\apj},
     year = 1966,
    month = feb,
   volume = 143,
    pages = {420-+},
      doi = {10.1086/148524},
   adsurl = {http://adsabs.harvard.edu/abs/1966ApJ...143..420H},
  adsnote = {Provided by the SAO/NASA Astrophysics Data System}
}

% 1d axi
@ARTICLE{Bedijn81,
   author = {{Bedijn}, P.~J. and {Tenorio-Tagle}, G.},
    title = "{The gasdynamics of H II regions. IV - The champagne phase and the propagation of ionization fronts into dense clouds}",
  journal = {\aap},
 keywords = {GAS DYNAMICS, GAS IONIZATION, H II REGIONS, NEBULAE, DIFFERENTIAL EQUATIONS, ELASTIC WAVES, GAS DENSITY, ISOTHERMAL PROCESSES},
     year = 1981,
    month = may,
   volume = 98,
    pages = {85-91},
   adsurl = {http://adsabs.harvard.edu/abs/1981A%26A....98...85B},
  adsnote = {Provided by the SAO/NASA Astrophysics Data System}
}

% 1d axi
@ARTICLE{Tenorio81,
   author = {{Tenorio-Tagle}, G. and {Bedijn}, P.~J.},
    title = "{The gasdynamics of H II regions. V - The interaction of weak R ionization fronts with dense clouds}",
  journal = {\aap},
 keywords = {GAS DENSITY, GAS DYNAMICS, H II REGIONS, INTERSTELLAR GAS, IONIZED GASES, HYDROGEN IONS, TIME DEPENDENCE},
     year = 1981,
    month = jun,
   volume = 99,
    pages = {305-310},
   adsurl = {http://adsabs.harvard.edu/abs/1981A%26A....99..305T},
  adsnote = {Provided by the SAO/NASA Astrophysics Data System}
}

% 2d
@ARTICLE{Bodenheimer79,
   author = {{Bodenheimer}, P. and {Tenorio-Tagle}, G. and {Yorke}, H.~W.
	},
    title = "{The gas dynamics of H II regions. II - Two-dimensional axisymmetric calculations}",
  journal = {\apj},
 keywords = {ASTRONOMICAL MODELS, GAS DYNAMICS, H II REGIONS, INTERSTELLAR MATTER, NEBULAE, STELLAR EVOLUTION, GAS IONIZATION, GRAPHS (CHARTS), HYDRODYNAMIC EQUATIONS, HYDRODYNAMICS, MATHEMATICAL MODELS, TABLES (DATA)},
     year = 1979,
    month = oct,
   volume = 233,
    pages = {85-96},
      doi = {10.1086/157368},
   adsurl = {http://adsabs.harvard.edu/abs/1979ApJ...233...85B},
  adsnote = {Provided by the SAO/NASA Astrophysics Data System}
}

% 2d
@ARTICLE{Sandford82,
   author = {{Sandford}, II, M.~T. and {Whitaker}, R.~W. and {Klein}, R.~I.
	},
    title = "{Radiation-driven implosions in molecular clouds}",
  journal = {\apj},
 keywords = {HYDRODYNAMICS, INTERSTELLAR MATTER, MOLECULAR CLOUDS, RADIATION PRESSURE, SHOCK WAVES, GAS IONIZATION, HYDROGEN IONS, RADIATIVE TRANSFER, SHOCK FRONTS, SHOCK WAVE INTERACTION, STELLAR RADIATION},
     year = 1982,
    month = sep,
   volume = 260,
    pages = {183-201},
      doi = {10.1086/160245},
   adsurl = {http://adsabs.harvard.edu/abs/1982ApJ...260..183S},
  adsnote = {Provided by the SAO/NASA Astrophysics Data System}
}

% 2d
@ARTICLE{Yorke83,
   author = {{Yorke}, H.~W. and {Tenorio-Tagle}, G. and {Bodenheimer}, P.
	},
    title = "{Theoretical radio continuum maps of H II regions in the champagne phase}",
  journal = {\aap},
 keywords = {ASTRONOMICAL MAPS, CONTINUOUS SPECTRA, EVAPORATION, H II REGIONS, RADIATIVE TRANSFER, RADIO SPECTRA, CENTIMETER WAVES, GAS DENSITY, GAS TEMPERATURE, HYDRODYNAMIC EQUATIONS, MOLECULAR CLOUDS},
     year = 1983,
    month = nov,
   volume = 127,
    pages = {313-319},
   adsurl = {http://adsabs.harvard.edu/abs/1983A%26A...127..313Y},
  adsnote = {Provided by the SAO/NASA Astrophysics Data System}
}

@ARTICLE{Oort54,
   author = {{Oort}, J.~H.},
    title = "{Outline of a theory on the origin and acceleration of interstellar clouds and O associations}",
  journal = {\bain},
     year = 1954,
    month = sep,
   volume = 12,
    pages = {177-+},
   adsurl = {http://adsabs.harvard.edu/abs/1954BAN....12..177O},
  adsnote = {Provided by the SAO/NASA Astrophysics Data System}
}

@ARTICLE{Spitzer49,
   author = {{Spitzer}, Jr., L.},
    title = "{The Temperature of Interstellar Matter. II.}",
  journal = {\apj},
     year = 1949,
    month = may,
   volume = 109,
    pages = {337-+},
      doi = {10.1086/145141},
   adsurl = {http://adsabs.harvard.edu/abs/1949ApJ...109..337S},
  adsnote = {Provided by the SAO/NASA Astrophysics Data System}
}

@ARTICLE{Spitzer48,
   author = {{Spitzer}, Jr., L.},
    title = "{The Temperature of Interstellar Matter. I.}",
  journal = {\apj},
     year = 1948,
    month = jan,
   volume = 107,
    pages = {6-+},
      doi = {10.1086/144984},
   adsurl = {http://adsabs.harvard.edu/abs/1948ApJ...107....6S},
  adsnote = {Provided by the SAO/NASA Astrophysics Data System}
}

@ARTICLE{Spitzer50,
   author = {{Spitzer}, Jr., L. and {Savedoff}, M.~P.},
    title = "{The Temperature of Interstellar Matter. III.}",
  journal = {\apj},
     year = 1950,
    month = may,
   volume = 111,
    pages = {593-+},
      doi = {10.1086/145303},
   adsurl = {http://adsabs.harvard.edu/abs/1950ApJ...111..593S},
  adsnote = {Provided by the SAO/NASA Astrophysics Data System}
}

@ARTICLE{Spitzer54,
   author = {{Spitzer}, Jr., L.},
    title = "{Behavior of Matter in Space.}",
  journal = {\apj},
     year = 1954,
    month = jul,
   volume = 120,
    pages = {1-+},
      doi = {10.1086/145876},
   adsurl = {http://adsabs.harvard.edu/abs/1954ApJ...120....1S},
  adsnote = {Provided by the SAO/NASA Astrophysics Data System}
}

@INPROCEEDINGS{Schatzman55,
   author = {{Schatzman}, E. and {Kahn}, F.~D.},
    title = "{On the Motion of H I and H II Regions}",
booktitle = {Gas Dynamics of Cosmic Clouds},
     year = 1955,
   series = {IAU Symposium},
   volume = 2,
    pages = {163-+},
   adsurl = {http://adsabs.harvard.edu/abs/1955IAUS....2..163S},
  adsnote = {Provided by the SAO/NASA Astrophysics Data System}
}

@ARTICLE{Axford61,
   author = {{Axford}, W.~I.},
    title = "{Ionization Fronts in Interstellar Gas: The Structure of Ionization Fronts}",
  journal = {Royal Society of London Philosophical Transactions Series A},
     year = 1961,
    month = feb,
   volume = 253,
    pages = {301-333},
   adsurl = {http://adsabs.harvard.edu/abs/1961RSPTA.253..301A},
  adsnote = {Provided by the SAO/NASA Astrophysics Data System}
}

@ARTICLE{Kahn54,
   author = {{Kahn}, F.~D.},
    title = "{The acceleration of interstellar clouds}",
  journal = {\bain},
     year = 1954,
    month = nov,
   volume = 12,
    pages = {187-+},
   adsurl = {http://adsabs.harvard.edu/abs/1954BAN....12..187K},
  adsnote = {Provided by the SAO/NASA Astrophysics Data System}
}

@BOOK{Mihalas84,
   author = {{Mihalas}, D. and {Mihalas}, B.~W.},
    title = "{Foundations of radiation hydrodynamics}",
 keywords = {ASTROPHYSICS, COMPRESSIBLE FLUIDS, GAS DYNAMICS, HYDRODYNAMIC EQUATIONS, RADIATION LAWS, RADIATIVE HEAT TRANSFER, EQUATIONS OF MOTION, GRAVITATIONAL WAVES, IDEAL FLUIDS, KINEMATICS, RADIATION DISTRIBUTION, RELATIVITY, SHOCK WAVES, SOUND WAVES, STATISTICAL MECHANICS, TENSOR ANALYSIS, THERMAL RADIATION, THERMODYNAMICS, VISCOUS FLUIDS, WIND (METEOROLOGY)},
booktitle = {New York, Oxford University Press, 1984, 731 p.},
     year = 1984,
   editor = "{Mihalas, D.~\& Mihalas, B.~W.}",
   adsurl = {http://adsabs.harvard.edu/abs/1984oup..book.....M},
  adsnote = {Provided by the SAO/NASA Astrophysics Data System}
}

@ARTICLE{Mathews69,
   author = {{Mathews}, W.~G. and {O'dell}, C.~R.},
    title = "{Evolution of Diffuse Nebulae}",
  journal = {\araa},
     year = 1969,
   volume = 7,
    pages = {67-+},
      doi = {10.1146/annurev.aa.07.090169.000435},
   adsurl = {http://adsabs.harvard.edu/abs/1969ARA%26A...7...67M},
  adsnote = {Provided by the SAO/NASA Astrophysics Data System}
}

@ARTICLE{Auer70,
   author = {{Auer}, L.~H. and {Mihalas}, D.},
    title = "{On the use of variable Eddington factors in non-LTE stellar atmospheres computations}",
  journal = {\mnras},
     year = 1970,
   volume = 149,
    pages = {65-+},
   adsurl = {http://adsabs.harvard.edu/abs/1970MNRAS.149...65A},
  adsnote = {Provided by the SAO/NASA Astrophysics Data System}
}

@ARTICLE{Norman98,
   author = {{Norman}, M.~L. and {Paschos}, P. and {Abel}, T.},
    title = "{Simulating inhomogeneous reionization}",
  journal = {\memsai},
   eprint = {arXiv:astro-ph/9807282},
     year = 1998,
   volume = 69,
    pages = {455-+},
   adsurl = {http://adsabs.harvard.edu/abs/1998MmSAI..69..455N},
  adsnote = {Provided by the SAO/NASA Astrophysics Data System}
}

@ARTICLE{Stone92_RHD,
   author = {{Stone}, J.~M. and {Mihalas}, D. and {Norman}, M.~L.},
    title = "{ZEUS-2D: A radiation magnetohydrodynamics code for astrophysical flows in two space dimensions. III - The radiation hydrodynamic algorithms and tests}",
  journal = {\apjs},
 keywords = {COMPUTATIONAL ASTROPHYSICS, COSMIC PLASMA, HYDRODYNAMIC EQUATIONS, MAGNETOHYDRODYNAMIC FLOW, RADIATIVE TRANSFER, TWO DIMENSIONAL MODELS, ALGORITHMS, COMPUTATIONAL GRIDS, FINITE DIFFERENCE THEORY, PLASMA RADIATION},
     year = 1992,
    month = jun,
   volume = 80,
    pages = {819-845},
      doi = {10.1086/191682},
   adsurl = {http://adsabs.harvard.edu/abs/1992ApJS...80..819S},
  adsnote = {Provided by the SAO/NASA Astrophysics Data System}
}

@ARTICLE{Finlator09,
   author = {{Finlator}, K. and {{\"O}zel}, F. and {Dav{\'e}}, R.},
    title = "{A new moment method for continuum radiative transfer in cosmological re-ionization}",
  journal = {\mnras},
archivePrefix = "arXiv",
   eprint = {0808.3578},
 keywords = {radiative transfer , methods: numerical , galaxies: formation , intergalactic medium , cosmology: theory , diffuse radiation},
     year = 2009,
    month = mar,
   volume = 393,
    pages = {1090-1106},
      doi = {10.1111/j.1365-2966.2008.14190.x},
   adsurl = {http://adsabs.harvard.edu/abs/2009MNRAS.393.1090F},
  adsnote = {Provided by the SAO/NASA Astrophysics Data System}
}

@ARTICLE{Gonzalez07,
   author = {{Gonz{\'a}lez}, M. and {Audit}, E. and {Huynh}, P.},
    title = "{HERACLES: a three-dimensional radiation hydrodynamics code}",
  journal = {\aap},
 keywords = {radiative transfer, scattering, hydrodynamics, methods: numerical},
     year = 2007,
    month = mar,
   volume = 464,
    pages = {429-435},
      doi = {10.1051/0004-6361:20065486},
   adsurl = {http://adsabs.harvard.edu/abs/2007A%26A...464..429G},
  adsnote = {Provided by the SAO/NASA Astrophysics Data System}
}

@ARTICLE{Rijkhorst06,
   author = {{Rijkhorst}, {E.-J.} and {Plewa}, T. and {Dubey}, A. and {Mellema}, G.
	},
    title = "{Hybrid characteristics: 3D radiative transfer for parallel adaptive mesh refinement hydrodynamics}",
  journal = {\aap},
   eprint = {arXiv:astro-ph/0505213},
 keywords = {radiative transfer, hydrodynamics, ISM: HII regions, planetary nebulae: general},
     year = 2006,
    month = jun,
   volume = 452,
    pages = {907-920},
      doi = {10.1051/0004-6361:20053401},
   adsurl = {http://adsabs.harvard.edu/abs/2006A%26A...452..907R},
  adsnote = {Provided by the SAO/NASA Astrophysics Data System}
}

@ARTICLE{Whalen06,
   author = {{Whalen}, D. and {Norman}, M.~L.},
    title = "{A Multistep Algorithm for the Radiation Hydrodynamical Transport of Cosmological Ionization Fronts and Ionized Flows}",
  journal = {\apjs},
   eprint = {arXiv:astro-ph/0508214},
 keywords = {Cosmology: Theory, Cosmology: Early Universe, ISM: H II Regions, Hydrodynamics, Methods: Numerical},
     year = 2006,
    month = feb,
   volume = 162,
    pages = {281-303},
      doi = {10.1086/499072},
   adsurl = {http://adsabs.harvard.edu/abs/2006ApJS..162..281W},
  adsnote = {Provided by the SAO/NASA Astrophysics Data System}
}

@ARTICLE{Alvarez06,
   author = {{Alvarez}, M.~A. and {Bromm}, V. and {Shapiro}, P.~R.},
    title = "{The H II Region of the First Star}",
  journal = {\apj},
   eprint = {arXiv:astro-ph/0507684},
 keywords = {Cosmology: Theory, Galaxies: Formation, Galaxies: Intergalactic Medium, Stars: Formation},
     year = 2006,
    month = mar,
   volume = 639,
    pages = {621-632},
      doi = {10.1086/499578},
   adsurl = {http://adsabs.harvard.edu/abs/2006ApJ...639..621A},
  adsnote = {Provided by the SAO/NASA Astrophysics Data System}
}

@ARTICLE{Ciardi01,
   author = {{Ciardi}, B. and {Ferrara}, A. and {Marri}, S. and {Raimondo}, G.
	},
    title = "{Cosmological reionization around the first stars: Monte Carlo radiative transfer}",
  journal = {\mnras},
   eprint = {arXiv:astro-ph/0005181},
 keywords = {RADIATIVE TRANSFER, GALAXIES: FORMATION, INTERGALACTIC MEDIUM, COSMOLOGY: THEORY},
     year = 2001,
    month = jun,
   volume = 324,
    pages = {381-388},
      doi = {10.1046/j.1365-8711.2001.04316.x},
   adsurl = {http://adsabs.harvard.edu/abs/2001MNRAS.324..381C},
  adsnote = {Provided by the SAO/NASA Astrophysics Data System}
}

@ARTICLE{Razoumov99,
   author = {{Razoumov}, A.~O. and {Scott}, D.},
    title = "{Three-dimensional numerical cosmological radiative transfer in an inhomogeneous medium}",
  journal = {\mnras},
   eprint = {arXiv:astro-ph/9810425},
     year = 1999,
    month = oct,
   volume = 309,
    pages = {287-298},
      doi = {10.1046/j.1365-8711.1999.02775.x},
   adsurl = {http://adsabs.harvard.edu/abs/1999MNRAS.309..287R},
  adsnote = {Provided by the SAO/NASA Astrophysics Data System}
}

@ARTICLE{Pawlik08,
   author = {{Pawlik}, A.~H. and {Schaye}, J.},
    title = "{TRAPHIC - radiative transfer for smoothed particle hydrodynamics simulations}",
  journal = {\mnras},
archivePrefix = "arXiv",
   eprint = {0802.1715},
 keywords = {radiative transfer , hydrodynamics , methods: numerical , HII regions , diffuse radiation , large-scale structure of Universe},
     year = 2008,
    month = sep,
   volume = 389,
    pages = {651-677},
      doi = {10.1111/j.1365-2966.2008.13601.x},
   adsurl = {http://adsabs.harvard.edu/abs/2008MNRAS.389..651P},
  adsnote = {Provided by the SAO/NASA Astrophysics Data System}
}

@ARTICLE{Johnson07,
   author = {{Johnson}, J.~L. and {Greif}, T.~H. and {Bromm}, V.},
    title = "{Local Radiative Feedback in the Formation of the First Protogalaxies}",
  journal = {\apj},
   eprint = {arXiv:astro-ph/0612254},
 keywords = {Cosmology: Theory, Cosmology: Early Universe, Galaxies: Formation, ISM: H II Regions, Molecular Processes, Stars: Formation},
     year = 2007,
    month = aug,
   volume = 665,
    pages = {85-95},
      doi = {10.1086/519212},
   adsurl = {http://adsabs.harvard.edu/abs/2007ApJ...665...85J},
  adsnote = {Provided by the SAO/NASA Astrophysics Data System}
}

@ARTICLE{Susa06,
   author = {{Susa}, H.},
    title = "{Smoothed Particle Hydrodynamics Coupled with Radiation Transfer}",
  journal = {\pasj},
   eprint = {arXiv:astro-ph/0601642},
 keywords = {cosmology: theory, first stars, galaxy formation, hydrodynamics, methods: numerical, radiation transfer},
     year = 2006,
    month = apr,
   volume = 58,
    pages = {445-460},
   adsurl = {http://adsabs.harvard.edu/abs/2006PASJ...58..445S},
  adsnote = {Provided by the SAO/NASA Astrophysics Data System}
}

@ARTICLE{Paardekooper10,
   author = {{Paardekooper}, {J.-P.} and {Kruip}, C.~J.~H. and {Icke}, V.
	},
    title = "{SimpleX2: radiative transfer on an unstructured, dynamic grid}",
  journal = {\aap},
archivePrefix = "arXiv",
   eprint = {0912.4273},
 primaryClass = "astro-ph.CO",
 keywords = {methods: numerical, radiative transfer, diffuse radiation, HII regions, cosmology: theory},
     year = 2010,
    month = jun,
   volume = 515,
    pages = {A79+},
      doi = {10.1051/0004-6361/200913821},
   adsurl = {http://adsabs.harvard.edu/abs/2010A%26A...515A..79P},
  adsnote = {Provided by the SAO/NASA Astrophysics Data System}
}

@ARTICLE{Sokasian01,
   author = {{Sokasian}, A. and {Abel}, T. and {Hernquist}, L.~E.},
    title = "{Simulating reionization in numerical cosmology}",
  journal = {New Astronomy},
   eprint = {arXiv:astro-ph/0105181},
     year = 2001,
    month = sep,
   volume = 6,
    pages = {359-379},
      doi = {10.1016/S1384-1076(01)00065-3},
   adsurl = {http://adsabs.harvard.edu/abs/2001NewA....6..359S},
  adsnote = {Provided by the SAO/NASA Astrophysics Data System}
}

@ARTICLE{McQuinn07,
   author = {{McQuinn}, M. and {Lidz}, A. and {Zahn}, O. and {Dutta}, S. and 
	{Hernquist}, L. and {Zaldarriaga}, M.},
    title = "{The morphology of HII regions during reionization}",
  journal = {\mnras},
   eprint = {arXiv:astro-ph/0610094},
 keywords = {galaxies: formation, intergalactic medium, cosmology: theory, diffuse radiation, large-scale structure of Universe, radio lines: galaxies},
     year = 2007,
    month = may,
   volume = 377,
    pages = {1043-1063},
      doi = {10.1111/j.1365-2966.2007.11489.x},
   adsurl = {http://adsabs.harvard.edu/abs/2007MNRAS.377.1043M},
  adsnote = {Provided by the SAO/NASA Astrophysics Data System}
}

@ARTICLE{Hasegawa09,
   author = {{Hasegawa}, K. and {Umemura}, M. and {Susa}, H.},
    title = "{Radiative regulation of Population III star formation}",
  journal = {\mnras},
archivePrefix = "arXiv",
   eprint = {0902.2597},
 primaryClass = "astro-ph.CO",
 keywords = {hydrodynamics , radiative transfer , galaxies: formation , early Universe},
     year = 2009,
    month = may,
   volume = 395,
    pages = {1280-1286},
      doi = {10.1111/j.1365-2966.2009.14639.x},
   adsurl = {http://adsabs.harvard.edu/abs/2009MNRAS.395.1280H},
  adsnote = {Provided by the SAO/NASA Astrophysics Data System}
}

@ARTICLE{Altay08,
   author = {{Altay}, G. and {Croft}, R.~A.~C. and {Pelupessy}, I.},
    title = "{SPHRAY: a smoothed particle hydrodynamics ray tracer for radiative transfer}",
  journal = {\mnras},
archivePrefix = "arXiv",
   eprint = {0802.3698},
 keywords = {radiative transfer , methods: numerical , cosmology: theory},
     year = 2008,
    month = jun,
   volume = 386,
    pages = {1931-1946},
      doi = {10.1111/j.1365-2966.2008.13212.x},
   adsurl = {http://adsabs.harvard.edu/abs/2008MNRAS.386.1931A},
  adsnote = {Provided by the SAO/NASA Astrophysics Data System}
}

@ARTICLE{Iliev07,
   author = {{Iliev}, I.~T. and {Mellema}, G. and {Shapiro}, P.~R. and {Pen}, {U.-L.}
	},
    title = "{Self-regulated reionization}",
  journal = {\mnras},
   eprint = {arXiv:astro-ph/0607517},
 keywords = {radiative transfer, intergalactic medium, galaxies: formation, cosmology: theory, large-scale structure of Universe, radio lines: galaxies},
     year = 2007,
    month = apr,
   volume = 376,
    pages = {534-548},
      doi = {10.1111/j.1365-2966.2007.11482.x},
   adsurl = {http://adsabs.harvard.edu/abs/2007MNRAS.376..534I},
  adsnote = {Provided by the SAO/NASA Astrophysics Data System}
}

@ARTICLE{Aubert08,
   author = {{Aubert}, D. and {Teyssier}, R.},
    title = "{A radiative transfer scheme for cosmological reionization based on a local Eddington tensor}",
  journal = {\mnras},
archivePrefix = "arXiv",
   eprint = {0709.1544},
 keywords = {radiative transfer , methods: numerical , methods: N-body simulations},
     year = 2008,
    month = jun,
   volume = 387,
    pages = {295-307},
      doi = {10.1111/j.1365-2966.2008.13223.x},
   adsurl = {http://adsabs.harvard.edu/abs/2008MNRAS.387..295A},
  adsnote = {Provided by the SAO/NASA Astrophysics Data System}
}

@ARTICLE{Abel00,
   author = {{Abel}, T. and {Bryan}, G.~L. and {Norman}, M.~L.},
    title = "{The Formation and Fragmentation of Primordial Molecular Clouds}",
  journal = {\apj},
   eprint = {arXiv:astro-ph/0002135},
 keywords = {Cosmology: Theory, Galaxies: Formation, Methods: Numerical},
     year = 2000,
    month = sep,
   volume = 540,
    pages = {39-44},
      doi = {10.1086/309295},
   adsurl = {http://adsabs.harvard.edu/abs/2000ApJ...540...39A},
  adsnote = {Provided by the SAO/NASA Astrophysics Data System}
}

@ARTICLE{Bromm02_P3,
   author = {{Bromm}, V. and {Coppi}, P.~S. and {Larson}, R.~B.},
    title = "{The Formation of the First Stars. I. The Primordial Star-forming Cloud}",
  journal = {\apj},
   eprint = {arXiv:astro-ph/0102503},
 keywords = {Cosmology: Theory, Cosmology: Early Universe, Galaxies: Formation, Hydrodynamics, Stars: Formation},
     year = 2002,
    month = jan,
   volume = 564,
    pages = {23-51},
      doi = {10.1086/323947},
   adsurl = {http://adsabs.harvard.edu/abs/2002ApJ...564...23B},
  adsnote = {Provided by the SAO/NASA Astrophysics Data System}
}

@ARTICLE{Larson98,
   author = {{Larson}, R.~B.},
    title = "{Early star formation and the evolution of the stellar initial mass function in galaxies}",
  journal = {\mnras},
   eprint = {arXiv:astro-ph/9808145},
 keywords = {STARS: FORMATION, STARS: LUMINOSITY FUNCTION, MASS FUNCTION, GALAXIES: EVOLUTION, GALAXIES: FORMATION, GALAXIES: STELLAR CONTENT, DARK MATTER},
     year = 1998,
    month = dec,
   volume = 301,
    pages = {569-581},
      doi = {10.1046/j.1365-8711.1998.02045.x},
   adsurl = {http://adsabs.harvard.edu/abs/1998MNRAS.301..569L},
  adsnote = {Provided by the SAO/NASA Astrophysics Data System}
}

@ARTICLE{Tumlinson07_IMF,
   author = {{Tumlinson}, J.},
    title = "{Carbon-Enhanced Metal-poor Stars, the Cosmic Microwave Background, and the Stellar Initial Mass Function in the Early Universe}",
  journal = {\apjl},
archivePrefix = "arXiv",
   eprint = {0706.2903},
 keywords = {Cosmology: Cosmic Microwave Background, Galaxy: Formation, Galaxy: Halo, Stars: Abundances, Stars: Luminosity Function, Mass Function, Stars: Population II},
     year = 2007,
    month = aug,
   volume = 664,
    pages = {L63-L66},
      doi = {10.1086/520930},
   adsurl = {http://adsabs.harvard.edu/abs/2007ApJ...664L..63T},
  adsnote = {Provided by the SAO/NASA Astrophysics Data System}
}

@ARTICLE{Schneider06_Frag,
   author = {{Schneider}, R. and {Omukai}, K. and {Inoue}, A.~K. and {Ferrara}, A.
	},
    title = "{Fragmentation of star-forming clouds enriched with the first dust}",
  journal = {\mnras},
   eprint = {arXiv:astro-ph/0603766},
 keywords = {stars: formation: supernovae: general: galaxies: evolution: galaxies: stellar content: cosmology: theory: ISM: abundances: dust, extinction, stars: formation, supernovae: general, galaxies: evolution, galaxies: stellar content, cosmology: theory, ISM: abundances, dust},
     year = 2006,
    month = jul,
   volume = 369,
    pages = {1437-1444},
      doi = {10.1111/j.1365-2966.2006.10391.x},
   adsurl = {http://adsabs.harvard.edu/abs/2006MNRAS.369.1437S},
  adsnote = {Provided by the SAO/NASA Astrophysics Data System}
}

@ARTICLE{Omukai05,
   author = {{Omukai}, K. and {Tsuribe}, T. and {Schneider}, R. and {Ferrara}, A.
	},
    title = "{Thermal and Fragmentation Properties of Star-forming Clouds in Low-Metallicity Environments}",
  journal = {\apj},
   eprint = {arXiv:astro-ph/0503010},
 keywords = {Cosmology: Theory, Galaxies: Formation, Stars: Formation},
     year = 2005,
    month = jun,
   volume = 626,
    pages = {627-643},
      doi = {10.1086/429955},
   adsurl = {http://adsabs.harvard.edu/abs/2005ApJ...626..627O},
  adsnote = {Provided by the SAO/NASA Astrophysics Data System}
}

@ARTICLE{Beers05,
   author = {{Beers}, T.~C. and {Christlieb}, N.},
    title = "{The Discovery and Analysis of Very Metal-Poor Stars in the Galaxy}",
  journal = {\araa},
     year = 2005,
    month = sep,
   volume = 43,
    pages = {531-580},
      doi = {10.1146/annurev.astro.42.053102.134057},
   adsurl = {http://adsabs.harvard.edu/abs/2005ARA%26A..43..531B},
  adsnote = {Provided by the SAO/NASA Astrophysics Data System}
}

@ARTICLE{Cen08,
   author = {{Cen}, R. and {Riquelme}, M.~A.},
    title = "{Lower Metal Enrichment of Virialized Gas in Minihalos}",
  journal = {\apj},
archivePrefix = "arXiv",
   eprint = {0704.3545},
 keywords = {Cosmology: Theory, Cosmology: Early Universe, Galaxies: Formation, Galaxies: Intergalactic Medium, Stars: Supernovae: General},
     year = 2008,
    month = feb,
   volume = 674,
    pages = {644-652},
      doi = {10.1086/524724},
   adsurl = {http://adsabs.harvard.edu/abs/2008ApJ...674..644C},
  adsnote = {Provided by the SAO/NASA Astrophysics Data System}
}

@ARTICLE{Helmi06,
   author = {{Helmi}, A. and {Irwin}, M.~J. and {Tolstoy}, E. and {Battaglia}, G. and 
	{Hill}, V. and {Jablonka}, P. and {Venn}, K. and {Shetrone}, M. and 
	{Letarte}, B. and {Arimoto}, N. and {Abel}, T. and {Francois}, P. and 
	{Kaufer}, A. and {Primas}, F. and {Sadakane}, K. and {Szeifert}, T.
	},
    title = "{A New View of the Dwarf Spheroidal Satellites of the Milky Way from VLT FLAMES: Where Are the Very Metal-poor Stars?}",
  journal = {\apjl},
   eprint = {arXiv:astro-ph/0611420},
 keywords = {Galaxies: Dwarf, Galaxies: Evolution, Galaxy: Formation, Galaxy: Halo, Galaxies: Local Group, Stars: Abundances},
     year = 2006,
    month = nov,
   volume = 651,
    pages = {L121-L124},
      doi = {10.1086/509784},
   adsurl = {http://adsabs.harvard.edu/abs/2006ApJ...651L.121H},
  adsnote = {Provided by the SAO/NASA Astrophysics Data System}
}

@ARTICLE{Tolstoy04,
   author = {{Tolstoy}, E. and {Irwin}, M.~J. and {Helmi}, A. and {Battaglia}, G. and 
	{Jablonka}, P. and {Hill}, V. and {Venn}, K.~A. and {Shetrone}, M.~D. and 
	{Letarte}, B. and {Cole}, A.~A. and {Primas}, F. and {Francois}, P. and 
	{Arimoto}, N. and {Sadakane}, K. and {Kaufer}, A. and {Szeifert}, T. and 
	{Abel}, T.},
    title = "{Two Distinct Ancient Components in the Sculptor Dwarf Spheroidal Galaxy: First Results from the Dwarf Abundances and Radial Velocities Team}",
  journal = {\apjl},
   eprint = {arXiv:astro-ph/0411029},
 keywords = {Galaxies: Abundances, Galaxies: Evolution, Galaxies: Individual: Name: Sculptor, Galaxies: Kinematics and Dynamics},
     year = 2004,
    month = dec,
   volume = 617,
    pages = {L119-L122},
      doi = {10.1086/427388},
   adsurl = {http://adsabs.harvard.edu/abs/2004ApJ...617L.119T},
  adsnote = {Provided by the SAO/NASA Astrophysics Data System}
}

@ARTICLE{Heger03,
   author = {{Heger}, A. and {Fryer}, C.~L. and {Woosley}, S.~E. and {Langer}, N. and 
	{Hartmann}, D.~H.},
    title = "{How Massive Single Stars End Their Life}",
  journal = {\apj},
   eprint = {arXiv:astro-ph/0212469},
 keywords = {Black Hole Physics, Gamma Rays: Bursts, Stars: Early-Type, Stars: Neutron, Stars: Supernovae: General},
     year = 2003,
    month = jul,
   volume = 591,
    pages = {288-300},
      doi = {10.1086/375341},
   adsurl = {http://adsabs.harvard.edu/abs/2003ApJ...591..288H},
  adsnote = {Provided by the SAO/NASA Astrophysics Data System}
}

@ARTICLE{Schaerer03,
   author = {{Schaerer}, D.},
    title = "{The transition from Population III to normal galaxies: Lyalpha and He II emission and the ionising properties of high redshift starburst galaxies}",
  journal = {\aap},
   eprint = {arXiv:astro-ph/0210462},
 keywords = {cosmology: early Universe, galaxies: stellar content, stars: general, stars: fundamental parameters, stars: atmospheres},
     year = 2003,
    month = jan,
   volume = 397,
    pages = {527-538},
      doi = {10.1051/0004-6361:20021525},
   adsurl = {http://adsabs.harvard.edu/abs/2003A%26A...397..527S},
  adsnote = {Provided by the SAO/NASA Astrophysics Data System}
}

@ARTICLE{Heger02,
   author = {{Heger}, A. and {Woosley}, S.~E.},
    title = "{The Nucleosynthetic Signature of Population III}",
  journal = {\apj},
   eprint = {arXiv:astro-ph/0107037},
 keywords = {Nuclear Reactions, Nucleosynthesis, Abundances, Stars: Early-Type, Stars: Supernovae: General},
     year = 2002,
    month = mar,
   volume = 567,
    pages = {532-543},
      doi = {10.1086/338487},
   adsurl = {http://adsabs.harvard.edu/abs/2002ApJ...567..532H},
  adsnote = {Provided by the SAO/NASA Astrophysics Data System}
}

@ARTICLE{Schaerer02,
   author = {{Schaerer}, D.},
    title = "{On the properties of massive Population III stars and metal-free stellar populations}",
  journal = {\aap},
   eprint = {arXiv:astro-ph/0110697},
 keywords = {COSMOLOGY: EARLY UNIVERSE, GALAXIES: STELLAR CONTENT, STARS: GENERAL, STARS: FUNDAMENTAL PARAMETERS, STARS: ATMOSPHERES},
     year = 2002,
    month = jan,
   volume = 382,
    pages = {28-42},
      doi = {10.1051/0004-6361:20011619},
   adsurl = {http://adsabs.harvard.edu/abs/2002A%26A...382...28S},
  adsnote = {Provided by the SAO/NASA Astrophysics Data System}
}

@ARTICLE{Bertschinger01,
   author = {{Bertschinger}, E.},
    title = "{Multiscale Gaussian Random Fields and Their Application to Cosmological Simulations}",
  journal = {\apjs},
   eprint = {arXiv:astro-ph/0103301},
 keywords = {Cosmology: Theory, Methods: Numerical},
     year = 2001,
    month = nov,
   volume = 137,
    pages = {1-20},
      doi = {10.1086/322526},
   adsurl = {http://adsabs.harvard.edu/abs/2001ApJS..137....1B},
  adsnote = {Provided by the SAO/NASA Astrophysics Data System}
}

@ARTICLE{Ferrara98,
   author = {{Ferrara}, A.},
    title = "{The Positive Feedback of Population III Objects on Galaxy Formation}",
  journal = {\apjl},
   eprint = {arXiv:astro-ph/9802114},
 keywords = {COSMOLOGY: THEORY, GALAXIES: FORMATION, GALAXIES: INTERGALACTIC MEDIUM},
     year = 1998,
    month = may,
   volume = 499,
    pages = {L17+},
      doi = {10.1086/311344},
   adsurl = {http://adsabs.harvard.edu/abs/1998ApJ...499L..17F},
  adsnote = {Provided by the SAO/NASA Astrophysics Data System}
}

@ARTICLE{Truelove97,
   author = {{Truelove}, J.~K. and {Klein}, R.~I. and {McKee}, C.~F. and 
	{Holliman}, II, J.~H. and {Howell}, L.~H. and {Greenough}, J.~A.
	},
    title = "{The Jeans Condition: A New Constraint on Spatial Resolution in Simulations of Isothermal Self-gravitational Hydrodynamics}",
  journal = {\apjl},
 keywords = {GRAVITATION, HYDRODYNAMICS, ISM: CLOUDS, METHODS: NUMERICAL, STARS: FORMATION},
     year = 1997,
    month = nov,
   volume = 489,
    pages = {L179+},
      doi = {10.1086/316779},
   adsurl = {http://adsabs.harvard.edu/abs/1997ApJ...489L.179T},
  adsnote = {Provided by the SAO/NASA Astrophysics Data System}
}

@ARTICLE{Cen92,
   author = {{Cen}, R. and {Ostriker}, J.~P.},
    title = "{Galaxy formation and physical bias}",
  journal = {\apjl},
 keywords = {BIAS, COSMOLOGY, DARK MATTER, GALACTIC EVOLUTION, UNIVERSE, COMPUTATIONAL ASTROPHYSICS, COMPUTERIZED SIMULATION, CORRELATION COEFFICIENTS},
     year = 1992,
    month = nov,
   volume = 399,
    pages = {L113-L116},
      doi = {10.1086/186620},
   adsurl = {http://adsabs.harvard.edu/abs/1992ApJ...399L.113C},
  adsnote = {Provided by the SAO/NASA Astrophysics Data System}
}

@ARTICLE{Chabrier03,
   author = {{Chabrier}, G.},
    title = "{Galactic Stellar and Substellar Initial Mass Function}",
  journal = {\pasp},
   eprint = {arXiv:astro-ph/0304382},
 keywords = {Galaxies: Luminosity Function, Mass Function, Invited Reviews},
     year = 2003,
    month = jul,
   volume = 115,
    pages = {763-795},
      doi = {10.1086/376392},
   adsurl = {http://adsabs.harvard.edu/abs/2003PASP..115..763C},
  adsnote = {Provided by the SAO/NASA Astrophysics Data System}
}

@ARTICLE{WMAP7,
   author = {{Komatsu}, E. and others},
    title = "{Seven-Year Wilkinson Microwave Anisotropy Probe (WMAP) Observations: Cosmological Interpretation}",
  journal = {ArXiv e-prints (1001.4538)},
archivePrefix = "arXiv",
   eprint = {1001.4538},
 primaryClass = "astro-ph.CO",
 keywords = {Astrophysics - Cosmology and Extragalactic Astrophysics},
     year = 2010,
    month = jan,
   adsurl = {http://adsabs.harvard.edu/abs/2010arXiv1001.4538K},
  adsnote = {Provided by the SAO/NASA Astrophysics Data System}
}

@article{MTwister,
 author = {Matsumoto, Makoto and Nishimura, Takuji},
 title = {Mersenne twister: a 623-dimensionally equidistributed uniform pseudo-random number generator},
 journal = {ACM Trans. Model. Comput. Simul.},
 volume = {8},
 number = {1},
 year = {1998},
 issn = {1049-3301},
 pages = {3--30},
 doi = {http://doi.acm.org/10.1145/272991.272995},
 publisher = {ACM},
 address = {New York, NY, USA},
 }

@ARTICLE{Frebel10,
   author = {{Frebel}, A. and {Bromm}, V.},
    title = "{Dwarf archaeology: Probing the first enrichment events with low-luminosity galaxies}",
  journal = {ArXiv e-prints (1010.1261)},
archivePrefix = "arXiv",
   eprint = {1010.1261},
 primaryClass = "astro-ph.GA",
 keywords = {Astrophysics - Galaxy Astrophysics, Astrophysics - Cosmology and Extragalactic Astrophysics},
     year = 2010,
    month = oct,
   adsurl = {http://adsabs.harvard.edu/abs/2010arXiv1010.1261F},
  adsnote = {Provided by the SAO/NASA Astrophysics Data System}
}

@ARTICLE{Tafelmeyer10,
   author = {{Tafelmeyer}, M. and {Jablonka}, P. and {Hill}, V. and {Shetrone}, M. and 
	{Tolstoy}, E. and {Irwin}, M.~J. and {Battaglia}, G. and {Helmi}, A. and 
	{Starkenburg}, E. and {Venn}, K.~A. and {Abel}, T. and {Francois}, P. and 
	{Kaufer}, A. and {North}, P. and {Primas}, F. and {Szeifert}, T.
	},
    title = "{Extremely metal-poor stars in classical dwarf spheroidal galaxies: Fornax, Sculptor and Sextans}",
  journal = {ArXiv e-prints},
archivePrefix = "arXiv",
   eprint = {1008.3721},
 primaryClass = "astro-ph.SR",
 keywords = {Astrophysics - Solar and Stellar Astrophysics, Astrophysics - Cosmology and Extragalactic Astrophysics},
     year = 2010,
    month = aug,
   adsurl = {http://adsabs.harvard.edu/abs/2010arXiv1008.3721T},
  adsnote = {Provided by the SAO/NASA Astrophysics Data System}
}

@ARTICLE{Frebel10_Obs,
   author = {{Frebel}, A. and {Kirby}, E.~N. and {Simon}, J.~D.},
    title = "{Linking dwarf galaxies to halo building blocks with the most metal-poor star in Sculptor}",
  journal = {\nat},
archivePrefix = "arXiv",
   eprint = {0912.4734},
 primaryClass = "astro-ph.GA",
     year = 2010,
    month = mar,
   volume = 464,
    pages = {72-75},
      doi = {10.1038/nature08772},
   adsurl = {http://adsabs.harvard.edu/abs/2010Natur.464...72F},
  adsnote = {Provided by the SAO/NASA Astrophysics Data System}
}

@ARTICLE{Stacy10_Binary,
   author = {{Stacy}, A. and {Greif}, T.~H. and {Bromm}, V.},
    title = "{The first stars: formation of binaries and small multiple systems}",
  journal = {\mnras},
archivePrefix = "arXiv",
   eprint = {0908.0712},
 primaryClass = "astro-ph.CO",
 keywords = {stars: formation, galaxies: formation, cosmology: theory, early Universe},
     year = 2010,
    month = mar,
   volume = 403,
    pages = {45-60},
      doi = {10.1111/j.1365-2966.2009.16113.x},
   adsurl = {http://adsabs.harvard.edu/abs/2010MNRAS.403...45S},
  adsnote = {Provided by the SAO/NASA Astrophysics Data System}
}

@ARTICLE{Battaglia10,
   author = {{Battaglia}, G. and {Tolstoy}, E. and {Helmi}, A. and {Irwin}, M. and 
	{Parisi}, P. and {Hill}, V. and {Jablonka}, P.},
    title = "{Study of the Sextans dwarf spheroidal galaxy from the DART CaII triplet survey}",
  journal = {ArXiv e-prints (1009.4857)},
archivePrefix = "arXiv",
   eprint = {1009.4857},
 primaryClass = "astro-ph.CO",
 keywords = {Astrophysics - Cosmology and Extragalactic Astrophysics, Astrophysics - Galaxy Astrophysics},
     year = 2010,
    month = sep,
   adsurl = {http://adsabs.harvard.edu/abs/2010arXiv1009.4857B},
  adsnote = {Provided by the SAO/NASA Astrophysics Data System}
}

@ARTICLE{Gnedin06,
   author = {{Gnedin}, N.~Y. and {Kravtsov}, A.~V.},
    title = "{Fossils of Reionization in the Local Group}",
  journal = {\apj},
   eprint = {arXiv:astro-ph/0601401},
 keywords = {Cosmology: Theory, Galaxies: Dwarf, Galaxies: Evolution, Galaxies: Formation, Galaxies: Halos, Methods: Numerical, Stars: Formation},
     year = 2006,
    month = jul,
   volume = 645,
    pages = {1054-1061},
      doi = {10.1086/504404},
   adsurl = {http://adsabs.harvard.edu/abs/2006ApJ...645.1054G},
  adsnote = {Provided by the SAO/NASA Astrophysics Data System}
}

@article {Toro94_HLLC,
   author = {Toro, E. F. and Spruce, M. and Speares, W.},
   affiliation = {Department of Aerospace Sciences, College of Aeronautics Cranfield Institute of Technology MK43 0AL Cranfield Beds. UK},
   title = {Restoration of the contact surface in the HLL-Riemann solver},
   journal = {Shock Waves},
   publisher = {Springer Berlin / Heidelberg},
   issn = {0938-1287},
   keyword = {Physics and Astronomy},
   pages = {25-34},
   volume = {4},
   issue = {1},
   url = {http://dx.doi.org/10.1007/BF01414629},
   note = {10.1007/BF01414629},
   year = {1994}
}

@ARTICLE{Tolstoy09,
   author = {{Tolstoy}, E. and {Hill}, V. and {Tosi}, M.},
    title = "{Star-Formation Histories, Abundances, and Kinematics of Dwarf Galaxies in the Local Group}",
  journal = {\araa},
archivePrefix = "arXiv",
   eprint = {0904.4505},
 primaryClass = "astro-ph.CO",
     year = 2009,
    month = sep,
   volume = 47,
    pages = {371-425},
      doi = {10.1146/annurev-astro-082708-101650},
   adsurl = {http://adsabs.harvard.edu/abs/2009ARA%26A..47..371T},
  adsnote = {Provided by the SAO/NASA Astrophysics Data System}
}

@ARTICLE{Greif10,
   author = {{Greif}, T.~H. and {Glover}, S.~C.~O. and {Bromm}, V. and {Klessen}, R.~S.
	},
    title = "{The First Galaxies: Chemical Enrichment, Mixing, and Star Formation}",
  journal = {\apj},
archivePrefix = "arXiv",
   eprint = {1003.0472},
 primaryClass = "astro-ph.CO",
 keywords = {cosmology: observations, galaxies: formation, galaxies: high-redshift, H II regions, hydrodynamics, intergalactic medium, supernovae: general },
     year = 2010,
    month = jun,
   volume = 716,
    pages = {510-520},
      doi = {10.1088/0004-637X/716/1/510},
   adsurl = {http://adsabs.harvard.edu/abs/2010ApJ...716..510G},
  adsnote = {Provided by the SAO/NASA Astrophysics Data System}
}

@ARTICLE{Wolfe05_Review,
   author = {{Wolfe}, A.~M. and {Gawiser}, E. and {Prochaska}, J.~X.},
    title = "{Damped Ly {$\alpha$} Systems}",
  journal = {\araa},
   eprint = {arXiv:astro-ph/0509481},
     year = 2005,
    month = sep,
   volume = 43,
    pages = {861-918},
      doi = {10.1146/annurev.astro.42.053102.133950},
   adsurl = {http://adsabs.harvard.edu/abs/2005ARA%26A..43..861W},
  adsnote = {Provided by the SAO/NASA Astrophysics Data System}
}

@ARTICLE{Lehnert10_z8.6,
   author = {{Lehnert}, M.~D. and {Nesvadba}, N.~P.~H. and {Cuby}, {J.-G.} and 
	{Swinbank}, A.~M. and {Morris}, S. and {Cl{\'e}ment}, B. and 
	{Evans}, C.~J. and {Bremer}, M.~N. and {Basa}, S.},
    title = "{Spectroscopic confirmation of a galaxy at redshift z = 8.6}",
  journal = {\nat},
archivePrefix = "arXiv",
   eprint = {1010.4312},
 primaryClass = "astro-ph.CO",
     year = 2010,
    month = oct,
   volume = 467,
    pages = {940-942},
      doi = {10.1038/nature09462},
   adsurl = {http://adsabs.harvard.edu/abs/2010Natur.467..940L},
  adsnote = {Provided by the SAO/NASA Astrophysics Data System}
}

@ARTICLE{Warren06,
   author = {{Warren}, M.~S. and {Abazajian}, K. and {Holz}, D.~E. and {Teodoro}, L.
	},
    title = "{Precision Determination of the Mass Function of Dark Matter Halos}",
  journal = {\apj},
   eprint = {arXiv:astro-ph/0506395},
 keywords = {Cosmology: Theory, Galaxies: Halos},
     year = 2006,
    month = aug,
   volume = 646,
    pages = {881-885},
      doi = {10.1086/504962},
   adsurl = {http://adsabs.harvard.edu/abs/2006ApJ...646..881W},
  adsnote = {Provided by the SAO/NASA Astrophysics Data System}
}

@ARTICLE{CLOUDY,
   author = {{Ferland}, G.~J. and {Korista}, K.~T. and {Verner}, D.~A. and 
	{Ferguson}, J.~W. and {Kingdon}, J.~B. and {Verner}, E.~M.},
    title = "{CLOUDY 90: Numerical Simulation of Plasmas and Their Spectra}",
  journal = {\pasp},
     year = 1998,
    month = jul,
   volume = 110,
    pages = {761-778},
      doi = {10.1086/316190},
   adsurl = {http://adsabs.harvard.edu/abs/1998PASP..110..761F},
  adsnote = {Provided by the SAO/NASA Astrophysics Data System}
}

@ARTICLE{Tegmark97,
   author = {{Tegmark}, M. and {Silk}, J. and {Rees}, M.~J. and {Blanchard}, A. and 
	{Abel}, T. and {Palla}, F.},
    title = "{How Small Were the First Cosmological Objects?}",
  journal = {\apj},
   eprint = {arXiv:astro-ph/9603007},
 keywords = {COSMOLOGY: THEORY, COSMOLOGY: EARLY UNIVERSE, GALAXIES: FORMATION},
     year = 1997,
    month = jan,
   volume = 474,
    pages = {1-+},
      doi = {10.1086/303434},
   adsurl = {http://adsabs.harvard.edu/abs/1997ApJ...474....1T},
  adsnote = {Provided by the SAO/NASA Astrophysics Data System}
}

@ARTICLE{Shapiro87,
   author = {{Shapiro}, P.~R. and {Kang}, H.},
    title = "{Hydrogen molecules and the radiative cooling of pregalactic shocks}",
  journal = {\apj},
 keywords = {COOLING FLOWS (ASTROPHYSICS), GALACTIC EVOLUTION, HYDROGEN CLOUDS, MOLECULAR CLOUDS, RADIANT COOLING, SHOCK WAVES, BOUNDARY VALUE PROBLEMS, COMPUTATIONAL ASTROPHYSICS, INTERGALACTIC MEDIA, NONEQUILIBRIUM CONDITIONS, SCALING LAWS, STAR FORMATION},
     year = 1987,
    month = jul,
   volume = 318,
    pages = {32-65},
      doi = {10.1086/165350},
   adsurl = {http://adsabs.harvard.edu/abs/1987ApJ...318...32S},
  adsnote = {Provided by the SAO/NASA Astrophysics Data System}
}

@ARTICLE{MacLow86,
   author = {{Mac Low}, {M.-M.} and {Shull}, J.~M.},
    title = "{Molecular processes and gravitational collapse in intergalactic shocks}",
  journal = {\apj},
 keywords = {GALACTIC EVOLUTION, GRAVITATIONAL COLLAPSE, MOLECULAR PHYSICS, SHOCK WAVES, BACKGROUND RADIATION, GAS DISSOCIATION, HYDROGEN, MOLECULAR COLLISIONS, QUASARS},
     year = 1986,
    month = mar,
   volume = 302,
    pages = {585-589},
      doi = {10.1086/164017},
   adsurl = {http://adsabs.harvard.edu/abs/1986ApJ...302..585M},
  adsnote = {Provided by the SAO/NASA Astrophysics Data System}
}

@ARTICLE{Yoshida07,
   author = {{Yoshida}, N. and {Omukai}, K. and {Hernquist}, L.},
    title = "{Formation of Massive Primordial Stars in a Reionized Gas}",
  journal = {\apjl},
archivePrefix = "arXiv",
   eprint = {0706.3597},
 keywords = {Cosmology: Theory, Galaxies: Formation, Stars: Formation},
     year = 2007,
    month = oct,
   volume = 667,
    pages = {L117-L120},
      doi = {10.1086/522202},
   adsurl = {http://adsabs.harvard.edu/abs/2007ApJ...667L.117Y},
  adsnote = {Provided by the SAO/NASA Astrophysics Data System}
}

@ARTICLE{McGreer08,
   author = {{McGreer}, I.~D. and {Bryan}, G.~L.},
    title = "{The Impact of HD Cooling on the Formation of the First Stars}",
  journal = {\apj},
archivePrefix = "arXiv",
   eprint = {0802.3918},
 keywords = {Cosmology: Theory, Galaxies: Formation, Galaxies: High-Redshift, Methods: n-Body Simulations, Stars: Formation},
     year = 2008,
    month = sep,
   volume = 685,
    pages = {8-20},
      doi = {10.1086/590530},
   adsurl = {http://adsabs.harvard.edu/abs/2008ApJ...685....8M},
  adsnote = {Provided by the SAO/NASA Astrophysics Data System}
}

@ARTICLE{Johnson06,
   author = {{Johnson}, J.~L. and {Bromm}, V.},
    title = "{The cooling of shock-compressed primordial gas}",
  journal = {\mnras},
   eprint = {arXiv:astro-ph/0505304},
 keywords = {molecular processes, stars: formation, galaxies: formation, cosmology: theory, early Universe},
     year = 2006,
    month = feb,
   volume = 366,
    pages = {247-256},
      doi = {10.1111/j.1365-2966.2005.09846.x},
   adsurl = {http://adsabs.harvard.edu/abs/2006MNRAS.366..247J},
  adsnote = {Provided by the SAO/NASA Astrophysics Data System}
}

@ARTICLE{Bond84,
   author = {{Bond}, J.~R. and {Arnett}, W.~D. and {Carr}, B.~J.},
    title = "{The evolution and fate of Very Massive Objects}",
  journal = {\apj},
 keywords = {STELLAR EVOLUTION, STELLAR MODELS, STELLAR STRUCTURE, SUPERMASSIVE STARS, BLACK HOLES (ASTRONOMY), GRAVITATIONAL COLLAPSE, HELIUM, MATHEMATICAL MODELS, POINT SOURCES, STELLAR CORES, STELLAR MASS EJECTION},
     year = 1984,
    month = may,
   volume = 280,
    pages = {825-847},
      doi = {10.1086/162057},
   adsurl = {http://adsabs.harvard.edu/abs/1984ApJ...280..825B},
  adsnote = {Provided by the SAO/NASA Astrophysics Data System}
}

@ARTICLE{Bromm03_SN,
   author = {{Bromm}, V. and {Yoshida}, N. and {Hernquist}, L.},
    title = "{The First Supernova Explosions in the Universe}",
  journal = {\apjl},
   eprint = {arXiv:astro-ph/0305333},
 keywords = {Cosmology: Theory, Galaxies: Formation, Hydrodynamics, Galaxies: Intergalactic Medium, Stars: Formation, Stars: Supernovae: General},
     year = 2003,
    month = oct,
   volume = 596,
    pages = {L135-L138},
      doi = {10.1086/379359},
   adsurl = {http://adsabs.harvard.edu/abs/2003ApJ...596L.135B},
  adsnote = {Provided by the SAO/NASA Astrophysics Data System}
}

@INPROCEEDINGS{Norman08,
   author = {{Norman}, M.~L.},
    title = "{Population III Star Formation and IMF}",
 keywords = {Population III stars, Cosmology, Star formation, Origin, formation, evolution, age, and star formation, Distances, redshifts, radial velocities; spatial distribution of galaxies, Numerical simulation; solution of equations, Luminosity and mass functions, Dark matter},
booktitle = {First Stars III},
     year = 2008,
   series = {American Institute of Physics Conference Series},
   volume = 990,
archivePrefix = "arXiv",
   eprint = {0801.4924},
   editor = "{B.~W.~O'Shea \& A.~Heger}",
    month = mar,
    pages = {3-15},
      doi = {10.1063/1.2905629},
   adsurl = {http://adsabs.harvard.edu/abs/2008AIPC..990....3N},
  adsnote = {Provided by the SAO/NASA Astrophysics Data System}
}

@ARTICLE{Mackey03,
   author = {{Mackey}, J. and {Bromm}, V. and {Hernquist}, L.},
    title = "{Three Epochs of Star Formation in the High-Redshift Universe}",
  journal = {\apj},
   eprint = {arXiv:astro-ph/0208447},
 keywords = {Cosmology: Theory, Cosmology: Early Universe, Galaxies: Formation, Galaxies: High-Redshift, Galaxies: Intergalactic Medium, Stars: Formation},
     year = 2003,
    month = mar,
   volume = 586,
    pages = {1-11},
      doi = {10.1086/367613},
   adsurl = {http://adsabs.harvard.edu/abs/2003ApJ...586....1M},
  adsnote = {Provided by the SAO/NASA Astrophysics Data System}
}

@ARTICLE{Salvadori07,
   author = {{Salvadori}, S. and {Schneider}, R. and {Ferrara}, A.},
    title = "{Cosmic stellar relics in the Galactic halo}",
  journal = {\mnras},
   eprint = {arXiv:astro-ph/0611130},
 keywords = {stars: formation, stars: Population II, supernovae: general, galaxies: evolution, galaxies: stellar content, cosmology: theory},
     year = 2007,
    month = oct,
   volume = 381,
    pages = {647-662},
      doi = {10.1111/j.1365-2966.2007.12133.x},
   adsurl = {http://adsabs.harvard.edu/abs/2007MNRAS.381..647S},
  adsnote = {Provided by the SAO/NASA Astrophysics Data System}
}


@ARTICLE{Tumlinson06,
   author = {{Tumlinson}, J.},
    title = "{Chemical Evolution in Hierarchical Models of Cosmic Structure. I. Constraints on the Early Stellar Initial Mass Function}",
  journal = {\apj},
   eprint = {arXiv:astro-ph/0507442},
 keywords = {Cosmology: Theory, Galaxies: Evolution, Galaxies: Formation, Galaxy: Evolution, Galaxy: Formation, Stars: Abundances, Stars: Luminosity Function, Mass Function},
     year = 2006,
    month = apr,
   volume = 641,
    pages = {1-20},
      doi = {10.1086/500383},
   adsurl = {http://adsabs.harvard.edu/abs/2006ApJ...641....1T},
  adsnote = {Provided by the SAO/NASA Astrophysics Data System}
}

@ARTICLE{Scannapieco03,
   author = {{Scannapieco}, E. and {Schneider}, R. and {Ferrara}, A.},
    title = "{The Detectability of the First Stars and Their Cluster Enrichment Signatures}",
  journal = {\apj},
   eprint = {arXiv:astro-ph/0301628},
 keywords = {Cosmology: Theory, Galaxies: Formation, Stars: Formation},
     year = 2003,
    month = may,
   volume = 589,
    pages = {35-52},
      doi = {10.1086/374412},
   adsurl = {http://adsabs.harvard.edu/abs/2003ApJ...589...35S},
  adsnote = {Provided by the SAO/NASA Astrophysics Data System}
}

@ARTICLE{Komiya10,
   author = {{Komiya}, Y. and {Habe}, A. and {Suda}, T. and {Fujimoto}, M.~Y.
	},
    title = "{Formation History of Metal-poor Halo Stars with the Hierarchical Model and the Effect of Interstellar Matter Accretion on the Most Metal-poor Stars}",
  journal = {\apj},
archivePrefix = "arXiv",
   eprint = {1005.2475},
 primaryClass = "astro-ph.GA",
 keywords = {Galaxy: evolution, Galaxy: formation, stars: abundances, stars: Population II},
     year = 2010,
    month = jul,
   volume = 717,
    pages = {542-561},
      doi = {10.1088/0004-637X/717/1/542},
   adsurl = {http://adsabs.harvard.edu/abs/2010ApJ...717..542K},
  adsnote = {Provided by the SAO/NASA Astrophysics Data System}
}

@ARTICLE{Tumlinson10,
   author = {{Tumlinson}, J.},
    title = "{Chemical Evolution in Hierarchical Models of Cosmic Structure. II. The Formation of the Milky Way Stellar Halo and the Distribution of the Oldest Stars}",
  journal = {\apj},
archivePrefix = "arXiv",
   eprint = {0911.1786},
 primaryClass = "astro-ph.GA",
 keywords = {cosmology: theory, galaxies: dwarf, Galaxy: formation, Galaxy: halo, stars: abundances, stars: Population II},
     year = 2010,
    month = jan,
   volume = 708,
    pages = {1398-1418},
      doi = {10.1088/0004-637X/708/2/1398},
   adsurl = {http://adsabs.harvard.edu/abs/2010ApJ...708.1398T},
  adsnote = {Provided by the SAO/NASA Astrophysics Data System}
}

@ARTICLE{Trenti10,
   author = {{Trenti}, M. and {Shull}, J.~M.},
    title = "{Extremely Metal-Poor Stars in the Milky Way: A Second Generation Formed After Reionization}",
  journal = {\apj},
archivePrefix = "arXiv",
   eprint = {0905.4505},
 primaryClass = "astro-ph.GA",
 keywords = {cosmology: theory, galaxies: high-redshift, Galaxy: evolution, intergalactic medium, stars: abundances, stars: formation},
     year = 2010,
    month = mar,
   volume = 712,
    pages = {435-444},
      doi = {10.1088/0004-637X/712/1/435},
   adsurl = {http://adsabs.harvard.edu/abs/2010ApJ...712..435T},
  adsnote = {Provided by the SAO/NASA Astrophysics Data System}
}

@ARTICLE{Trenti09,
   author = {{Trenti}, M. and {Stiavelli}, M. and {Shull}, J.~M.},
    title = "{Metal-free Gas Supply at the Edge of Reionization: Late-epoch Population III Star Formation}",
  journal = {\apj},
archivePrefix = "arXiv",
   eprint = {0905.4504},
 primaryClass = "astro-ph.CO",
 keywords = {cosmology: theory, early universe, galaxies: high-redshift, intergalactic medium, stars: formation, supernovae: general},
     year = 2009,
    month = aug,
   volume = 700,
    pages = {1672-1679},
      doi = {10.1088/0004-637X/700/2/1672},
   adsurl = {http://adsabs.harvard.edu/abs/2009ApJ...700.1672T},
  adsnote = {Provided by the SAO/NASA Astrophysics Data System}
}

@ARTICLE{Trenti09_SFR,
   author = {{Trenti}, M. and {Stiavelli}, M.},
    title = "{Formation Rates of Population III Stars and Chemical Enrichment of Halos during the Reionization Era}",
  journal = {\apj},
archivePrefix = "arXiv",
   eprint = {0901.0711},
 primaryClass = "astro-ph.CO",
 keywords = {early universe, cosmology: theory, galaxies: high-redshift, ISM: evolution, stars: formation},
     year = 2009,
    month = apr,
   volume = 694,
    pages = {879-892},
      doi = {10.1088/0004-637X/694/2/879},
   adsurl = {http://adsabs.harvard.edu/abs/2009ApJ...694..879T},
  adsnote = {Provided by the SAO/NASA Astrophysics Data System}
}

@ARTICLE{Maio10_Enrich,
   author = {{Maio}, U. and {Khochfar}, S. and {Johnson}, J.~L. and {Ciardi}, B.
	},
    title = "{The interplay between chemical and mechanical feedback from the first generation of stars}",
  journal = {ArXiv e-prints (1011.3999)},
archivePrefix = "arXiv",
   eprint = {1011.3999},
 primaryClass = "astro-ph.CO",
 keywords = {Astrophysics - Cosmology and Extragalactic Astrophysics},
     year = 2010,
    month = nov,
   adsurl = {http://adsabs.harvard.edu/abs/2010arXiv1011.3999M},
  adsnote = {Provided by the SAO/NASA Astrophysics Data System}
}

@ARTICLE{Maio10_Pop32,
   author = {{Maio}, U. and {Ciardi}, B. and {Dolag}, K. and {Tornatore}, L. and 
	{Khochfar}, S.},
    title = "{The transition from population III to population II-I star formation}",
  journal = {\mnras},
archivePrefix = "arXiv",
   eprint = {1003.4992},
 primaryClass = "astro-ph.CO",
 keywords = {cosmology: theory, dark ages, reionization, first stars, early Universe, large-scale structure of Universe},
     year = 2010,
    month = sep,
   volume = 407,
    pages = {1003-1015},
      doi = {10.1111/j.1365-2966.2010.17003.x},
   adsurl = {http://adsabs.harvard.edu/abs/2010MNRAS.407.1003M},
  adsnote = {Provided by the SAO/NASA Astrophysics Data System}
}

@ARTICLE{Ricotti08,
   author = {{Ricotti}, M. and {Gnedin}, N.~Y. and {Shull}, J.~M.},
    title = "{The Fate of the First Galaxies. III. Properties of Primordial Dwarf Galaxies and Their Impact on the Intergalactic Medium}",
  journal = {\apj},
archivePrefix = "arXiv",
   eprint = {0802.2715},
 keywords = {Cosmology: Early Universe, Galaxies: Dwarf, Galaxies: Formation, Galaxies: Intergalactic Medium, Methods: Numerical},
     year = 2008,
    month = sep,
   volume = 685,
    pages = {21-39},
      doi = {10.1086/590901},
   adsurl = {http://adsabs.harvard.edu/abs/2008ApJ...685...21R},
  adsnote = {Provided by the SAO/NASA Astrophysics Data System}
}

@ARTICLE{Yoshida04,
   author = {{Yoshida}, N. and {Bromm}, V. and {Hernquist}, L.},
    title = "{The Era of Massive Population III Stars: Cosmological Implications and Self-Termination}",
  journal = {\apj},
   eprint = {arXiv:astro-ph/0310443},
 keywords = {Cosmology: Theory, Galaxies: Formation, Galaxies: Intergalactic Medium, Stars: Formation},
     year = 2004,
    month = apr,
   volume = 605,
    pages = {579-590},
      doi = {10.1086/382499},
   adsurl = {http://adsabs.harvard.edu/abs/2004ApJ...605..579Y},
  adsnote = {Provided by the SAO/NASA Astrophysics Data System}
}

@ARTICLE{Karlsson08,
   author = {{Karlsson}, T. and {Johnson}, J.~L. and {Bromm}, V.},
    title = "{Uncovering the Chemical Signature of the First Stars in the Universe}",
  journal = {\apj},
archivePrefix = "arXiv",
   eprint = {0709.4025},
 keywords = {Cosmology: Theory, Galaxies: High-Redshift, Galaxy: Evolution, Galaxy: Halo, Stars: Abundances, Stars: Population II},
     year = 2008,
    month = may,
   volume = 679,
    pages = {6-16},
      doi = {10.1086/533520},
   adsurl = {http://adsabs.harvard.edu/abs/2008ApJ...679....6K},
  adsnote = {Provided by the SAO/NASA Astrophysics Data System}
}

@ARTICLE{Furlanetto05_Reion,
   author = {{Furlanetto}, S.~R. and {Loeb}, A.},
    title = "{Is Double Reionization Physically Plausible?}",
  journal = {\apj},
   eprint = {arXiv:astro-ph/0409656},
 keywords = {Cosmology: Theory, Galaxies: Evolution, Galaxies: Intergalactic Medium},
     year = 2005,
    month = nov,
   volume = 634,
    pages = {1-13},
      doi = {10.1086/429080},
   adsurl = {http://adsabs.harvard.edu/abs/2005ApJ...634....1F},
  adsnote = {Provided by the SAO/NASA Astrophysics Data System}
}

@ARTICLE{Tornatore07,
   author = {{Tornatore}, L. and {Ferrara}, A. and {Schneider}, R.},
    title = "{Population III stars: hidden or disappeared?}",
  journal = {\mnras},
archivePrefix = "arXiv",
   eprint = {0707.1433},
 keywords = {galaxies: formation, intergalactic medium, cosmology: observations, cosmology: theory},
     year = 2007,
    month = dec,
   volume = 382,
    pages = {945-950},
      doi = {10.1111/j.1365-2966.2007.12215.x},
   adsurl = {http://adsabs.harvard.edu/abs/2007MNRAS.382..945T},
  adsnote = {Provided by the SAO/NASA Astrophysics Data System}
}

@ARTICLE{Whalen08_SN,
   author = {{Whalen}, D. and {van Veelen}, B. and {O'Shea}, B.~W. and {Norman}, M.~L.
	},
    title = "{The Destruction of Cosmological Minihalos by Primordial Supernovae}",
  journal = {\apj},
archivePrefix = "arXiv",
   eprint = {0801.3698},
 keywords = {Cosmology: Theory, Cosmology: Early Universe, Hydrodynamics, Stars: Early-Type, Stars: Supernovae: Individual},
     year = 2008,
    month = jul,
   volume = 682,
    pages = {49-67},
      doi = {10.1086/589643},
   adsurl = {http://adsabs.harvard.edu/abs/2008ApJ...682...49W},
  adsnote = {Provided by the SAO/NASA Astrophysics Data System}
}

@ARTICLE{OShea08,
   author = {{O'Shea}, B.~W. and {Norman}, M.~L.},
    title = "{Population III Star Formation in a {$\Lambda$}CDM Universe. II. Effects of a Photodissociating Background}",
  journal = {\apj},
archivePrefix = "arXiv",
   eprint = {0706.4416},
 keywords = {Cosmology: Theory, Galaxies: High-Redshift, Hydrodynamics, Stars: Formation},
     year = 2008,
    month = jan,
   volume = 673,
    pages = {14-33},
      doi = {10.1086/524006},
   adsurl = {http://adsabs.harvard.edu/abs/2008ApJ...673...14O},
  adsnote = {Provided by the SAO/NASA Astrophysics Data System}
}

@ARTICLE{Safranek10,
   author = {{Safranek-Shrader}, C. and {Bromm}, V. and {Milosavljevi{\'c}}, M.
	},
    title = "{Fragmentation in the First Galaxies}",
  journal = {\apj},
archivePrefix = "arXiv",
   eprint = {1004.0267},
 primaryClass = "astro-ph.CO",
 keywords = {cosmology: theory, galaxies: formation, galaxies: high-redshift, hydrodynamics, intergalactic medium, stars: formation},
     year = 2010,
    month = nov,
   volume = 723,
    pages = {1568-1582},
      doi = {10.1088/0004-637X/723/2/1568},
   adsurl = {http://adsabs.harvard.edu/abs/2010ApJ...723.1568S},
  adsnote = {Provided by the SAO/NASA Astrophysics Data System}
}

@ARTICLE{Bryan95,
   author = {{Bryan}, G.~L. and {Norman}, M.~L. and {Stone}, J.~M. and {Cen}, R. and 
	{Ostriker}, J.~P.},
    title = "{A piecewise parabolic method for cosmological hydrodynamics}",
  journal = {Computer Physics Communications},
     year = 1995,
    month = aug,
   volume = 89,
    pages = {149-168},
      doi = {10.1016/0010-4655(94)00191-4},
   adsurl = {http://adsabs.harvard.edu/abs/1995CoPhC..89..149B},
  adsnote = {Provided by the SAO/NASA Astrophysics Data System}
}

@ARTICLE{Efstathiou85,
   author = {{Efstathiou}, G. and {Davis}, M. and {White}, S.~D.~M. and {Frenk}, C.~S.
	},
    title = "{Numerical techniques for large cosmological N-body simulations}",
  journal = {\apjs},
 keywords = {COMPUTERIZED SIMULATION, COSMOLOGY, GALACTIC CLUSTERS, GRAVITATIONAL EFFECTS, MANY BODY PROBLEM, ALGORITHMS, CODES, EQUATIONS OF MOTION, PARTICLE TRAJECTORIES, UNIVERSE},
     year = 1985,
    month = feb,
   volume = 57,
    pages = {241-260},
      doi = {10.1086/191003},
   adsurl = {http://adsabs.harvard.edu/abs/1985ApJS...57..241E},
  adsnote = {Provided by the SAO/NASA Astrophysics Data System}
}

@ARTICLE{Woodward84,
   author = {{Woodward}, P. and {Colella}, P.},
    title = "{The numerical simulation of two-dimensional fluid flow with strong shocks}",
  journal = {Journal of Computational Physics},
 keywords = {COMPUTATIONAL FLUID DYNAMICS, COMPUTERIZED SIMULATION, SHOCK DISCONTINUITY, SHOCK WAVE INTERACTION, TWO DIMENSIONAL FLOW, COMPUTATIONAL GRIDS, CONTINUUM FLOW, FINITE DIFFERENCE THEORY, LINEAR EQUATIONS, MACH REFLECTION, VISCOUS FLOW},
     year = 1984,
    month = apr,
   volume = 54,
    pages = {115-173},
      doi = {10.1016/0021-9991(84)90142-6},
   adsurl = {http://adsabs.harvard.edu/abs/1984JCoPh..54..115W},
  adsnote = {Provided by the SAO/NASA Astrophysics Data System}
}

@ARTICLE{Glover08_Rates,
   author = {{Glover}, S.~C.~O. and {Abel}, T.},
    title = "{Uncertainties in H_{2} and HD chemistry and cooling and their role in early structure formation}",
  journal = {\mnras},
archivePrefix = "arXiv",
   eprint = {0803.1768},
 keywords = {molecular data , molecular processes , stars: formation , cosmology: theory},
     year = 2008,
    month = aug,
   volume = 388,
    pages = {1627-1651},
      doi = {10.1111/j.1365-2966.2008.13224.x},
   adsurl = {http://adsabs.harvard.edu/abs/2008MNRAS.388.1627G},
  adsnote = {Provided by the SAO/NASA Astrophysics Data System}
}

@ARTICLE{Woosley95,
   author = {{Woosley}, S.~E. and {Weaver}, T.~A.},
    title = "{The Evolution and Explosion of Massive Stars. II. Explosive Hydrodynamics and Nucleosynthesis}",
  journal = {\apjs},
 keywords = {HYDRODYNAMICS, NUCLEAR REACTIONS, NUCLEOSYNTHESIS, ABUNDANCES, STARS: EVOLUTION, STARS: INTERIORS, STARS: SUPERNOVAE: GENERAL},
     year = 1995,
    month = nov,
   volume = 101,
    pages = {181-+},
      doi = {10.1086/192237},
   adsurl = {http://adsabs.harvard.edu/abs/1995ApJS..101..181W},
  adsnote = {Provided by the SAO/NASA Astrophysics Data System}
}

@ARTICLE{Nomoto06,
   author = {{Nomoto}, K. and {Tominaga}, N. and {Umeda}, H. and {Kobayashi}, C. and 
	{Maeda}, K.},
    title = "{Nucleosynthesis yields of core-collapse supernovae and hypernovae, and galactic chemical evolution}",
  journal = {Nuclear Physics A},
   eprint = {arXiv:astro-ph/0605725},
     year = 2006,
    month = oct,
   volume = 777,
    pages = {424-458},
      doi = {10.1016/j.nuclphysa.2006.05.008},
   adsurl = {http://adsabs.harvard.edu/abs/2006NuPhA.777..424N},
  adsnote = {Provided by the SAO/NASA Astrophysics Data System}
}

@ARTICLE{Greif07,
   author = {{Greif}, T.~H. and {Johnson}, J.~L. and {Bromm}, V. and {Klessen}, R.~S.
	},
    title = "{The First Supernova Explosions: Energetics, Feedback, and Chemical Enrichment}",
  journal = {\apj},
archivePrefix = "arXiv",
   eprint = {0705.3048},
 keywords = {Cosmology: Theory, Galaxies: Formation, Galaxies: High-Redshift, ISM: H II Regions, Hydrodynamics, Galaxies: Intergalactic Medium, Stars: Supernovae: General},
     year = 2007,
    month = nov,
   volume = 670,
    pages = {1-14},
      doi = {10.1086/522028},
   adsurl = {http://adsabs.harvard.edu/abs/2007ApJ...670....1G},
  adsnote = {Provided by the SAO/NASA Astrophysics Data System}
}

@ARTICLE{Smith10,
   author = {{Smith}, B.~D. and {Hallman}, E.~J. and {Shull}, J.~M. and {O'Shea}, B.~W.
	},
    title = "{The Nature of the Warm/Hot Intergalactic Medium I. Numerical Methods, Convergence, and OVI Absorption}",
  journal = {ArXiv e-prints (1009.0261)},
archivePrefix = "arXiv",
   eprint = {1009.0261},
 primaryClass = "astro-ph.CO",
 keywords = {Astrophysics - Cosmology and Extragalactic Astrophysics},
     year = 2010,
    month = sep,
   adsurl = {http://adsabs.harvard.edu/abs/2010arXiv1009.0261S},
  adsnote = {Provided by the SAO/NASA Astrophysics Data System}
}

@ARTICLE{Wise05,
   author = {{Wise}, J.~H. and {Abel}, T.},
    title = "{The Number of Supernovae from Primordial Stars in the Universe}",
  journal = {\apj},
   eprint = {arXiv:astro-ph/0411558},
 keywords = {Cosmology: Theory, Cosmology: Early Universe, Stars: Supernovae: General},
     year = 2005,
    month = aug,
   volume = 629,
    pages = {615-624},
      doi = {10.1086/430434},
   adsurl = {http://adsabs.harvard.edu/abs/2005ApJ...629..615W},
  adsnote = {Provided by the SAO/NASA Astrophysics Data System}
}

@ARTICLE{Umeda03,
   author = {{Umeda}, H. and {Nomoto}, K.},
    title = "{First-generation black-hole-forming supernovae and the metal abundance pattern of a very iron-poor star}",
  journal = {\nat},
   eprint = {arXiv:astro-ph/0301315},
     year = 2003,
    month = apr,
   volume = 422,
    pages = {871-873},
   adsurl = {http://adsabs.harvard.edu/abs/2003Natur.422..871U},
  adsnote = {Provided by the SAO/NASA Astrophysics Data System}
}

@ARTICLE{Davis85,
   author = {{Davis}, M. and {Efstathiou}, G. and {Frenk}, C.~S. and {White}, S.~D.~M.
	},
    title = "{The evolution of large-scale structure in a universe dominated by cold dark matter}",
  journal = {\apj},
 keywords = {COMPUTATIONAL ASTROPHYSICS, COSMOLOGY, GALACTIC CLUSTERS, GALACTIC EVOLUTION, MISSING MASS (ASTROPHYSICS), WEAK INTERACTIONS (FIELD THEORY), ASTRONOMICAL MODELS, COMPUTERIZED SIMULATION, CORRELATION, MANY BODY PROBLEM, MASS DISTRIBUTION, MASS TO LIGHT RATIOS, MATTER (PHYSICS), RADIAL VELOCITY, RED SHIFT},
     year = 1985,
    month = may,
   volume = 292,
    pages = {371-394},
      doi = {10.1086/163168},
   adsurl = {http://adsabs.harvard.edu/abs/1985ApJ...292..371D},
  adsnote = {Provided by the SAO/NASA Astrophysics Data System}
}

@ARTICLE{Strigari08,
   author = {{Strigari}, L.~E. and {Bullock}, J.~S. and {Kaplinghat}, M. and 
	{Simon}, J.~D. and {Geha}, M. and {Willman}, B. and {Walker}, M.~G.
	},
    title = "{A common mass scale for satellite galaxies of the Milky Way}",
  journal = {\nat},
archivePrefix = "arXiv",
   eprint = {0808.3772},
     year = 2008,
    month = aug,
   volume = 454,
    pages = {1096-1097},
      doi = {10.1038/nature07222},
   adsurl = {http://adsabs.harvard.edu/abs/2008Natur.454.1096S},
  adsnote = {Provided by the SAO/NASA Astrophysics Data System}
}

@ARTICLE{Reed07,
   author = {{Reed}, D.~S. and {Bower}, R. and {Frenk}, C.~S. and {Jenkins}, A. and 
	{Theuns}, T.},
    title = "{The halo mass function from the dark ages through the present day}",
  journal = {\mnras},
   eprint = {arXiv:astro-ph/0607150},
 keywords = {methods: N-body simulations, galaxies: formation, galaxies: haloes, cosmology: theory, dark matter},
     year = 2007,
    month = jan,
   volume = 374,
    pages = {2-15},
      doi = {10.1111/j.1365-2966.2006.11204.x},
   adsurl = {http://adsabs.harvard.edu/abs/2007MNRAS.374....2R},
  adsnote = {Provided by the SAO/NASA Astrophysics Data System}
}

@ARTICLE{Wechsler02,
   author = {{Wechsler}, R.~H. and {Bullock}, J.~S. and {Primack}, J.~R. and 
	{Kravtsov}, A.~V. and {Dekel}, A.},
    title = "{Concentrations of Dark Halos from Their Assembly Histories}",
  journal = {\apj},
   eprint = {arXiv:astro-ph/0108151},
 keywords = {Cosmology: Theory, Cosmology: Dark Matter, Galaxies: Evolution, Galaxies: Formation, Galaxies: Halos, Galaxies: Structure},
     year = 2002,
    month = mar,
   volume = 568,
    pages = {52-70},
      doi = {10.1086/338765},
   adsurl = {http://adsabs.harvard.edu/abs/2002ApJ...568...52W},
  adsnote = {Provided by the SAO/NASA Astrophysics Data System}
}

@ARTICLE{Hui98,
   author = {{Gnedin}, N.~Y. and {Hui}, L.},
    title = "{Probing the Universe with the Lyalpha forest - I. Hydrodynamics of the low-density intergalactic medium}",
  journal = {\mnras},
   eprint = {arXiv:astro-ph/9706219},
 keywords = {HYDRODYNAMICS, METHODS: NUMERICAL, INTERGALACTIC MEDIUM, QUASARS: ABSORPTION LINES, COSMOLOGY: THEORY},
     year = 1998,
    month = may,
   volume = 296,
    pages = {44-55},
      doi = {10.1046/j.1365-8711.1998.01249.x},
   adsurl = {http://adsabs.harvard.edu/abs/1998MNRAS.296...44G},
  adsnote = {Provided by the SAO/NASA Astrophysics Data System}
}

@ARTICLE{Dekel87,
   author = {{Dekel}, A. and {Rees}, M.~J.},
    title = "{Physical mechanisms for biased galaxy formation}",
  journal = {\nat},
 keywords = {BIG BANG COSMOLOGY, DARK MATTER, GALACTIC CLUSTERS, GALACTIC EVOLUTION, MASS DISTRIBUTION, BARYONS, MISSING MASS (ASTROPHYSICS), NEUTRINOS, UNIVERSE},
     year = 1987,
    month = apr,
   volume = 326,
    pages = {455-462},
      doi = {10.1038/326455a0},
   adsurl = {http://adsabs.harvard.edu/abs/1987Natur.326..455D},
  adsnote = {Provided by the SAO/NASA Astrophysics Data System}
}

@ARTICLE{Machacek01,
   author = {{Machacek}, M.~E. and {Bryan}, G.~L. and {Abel}, T.},
    title = "{Simulations of Pregalactic Structure Formation with Radiative Feedback}",
  journal = {\apj},
   eprint = {arXiv:astro-ph/0007198},
 keywords = {Cosmology: Theory, Galaxies: Formation, Hydrodynamics, Methods: Numerical},
     year = 2001,
    month = feb,
   volume = 548,
    pages = {509-521},
      doi = {10.1086/319014},
   adsurl = {http://adsabs.harvard.edu/abs/2001ApJ...548..509M},
  adsnote = {Provided by the SAO/NASA Astrophysics Data System}
}

@ARTICLE{Haiman00,
   author = {{Haiman}, Z. and {Abel}, T. and {Rees}, M.~J.},
    title = "{The Radiative Feedback of the First Cosmological Objects}",
  journal = {\apj},
   eprint = {arXiv:astro-ph/9903336},
 keywords = {COSMOLOGY: THEORY, COSMOLOGY: DIFFUSE RADIATION, COSMOLOGY: EARLY UNIVERSE, GALAXIES: FORMATION, MOLECULAR PROCESSES, RADIATIVE TRANSFER},
     year = 2000,
    month = may,
   volume = 534,
    pages = {11-24},
      doi = {10.1086/308723},
   adsurl = {http://adsabs.harvard.edu/abs/2000ApJ...534...11H},
  adsnote = {Provided by the SAO/NASA Astrophysics Data System}
}

@ARTICLE{Greif11_P3Cluster,
   author = {{Greif}, T. and {Springel}, V. and {White}, S. and
                  {Glover}, S. and {Clark}, P. and {Smith}, R. and
                  {Klessen}, R. and {Bromm}, V.  },
    title = "{Simulations on a Moving Mesh: The Clustered Formation of
                  Population III Protostars}",
  journal = {ArXiv e-prints (1101.5491)},
archivePrefix = "arXiv",
   eprint = {1101.5491},
 primaryClass = "astro-ph.CO",
 keywords = {Astrophysics - Cosmology and Extragalactic Astrophysics},
     year = 2011,
    month = jan,
   adsurl = {http://adsabs.harvard.edu/abs/2011arXiv1101.5491G},
  adsnote = {Provided by the SAO/NASA Astrophysics Data System}
}

@ARTICLE{Madau96,
   author = {{Madau}, P. and {Ferguson}, H.~C. and {Dickinson}, M.~E. and 
	{Giavalisco}, M. and {Steidel}, C.~C. and {Fruchter}, A.},
    title = "{High-redshift galaxies in the Hubble Deep Field: colour selection and star formation history to z\~{}4}",
  journal = {\mnras},
   eprint = {arXiv:astro-ph/9607172},
 keywords = {STARS: FORMATION, GALAXIES: EVOLUTION, INTERGALACTIC MEDIUM, QUASARS: ABSORPTION LINES, COSMOLOGY: OBSERVATIONS, ULTRAVIOLET: GALAXIES},
     year = 1996,
    month = dec,
   volume = 283,
    pages = {1388-1404},
   adsurl = {http://adsabs.harvard.edu/abs/1996MNRAS.283.1388M},
  adsnote = {Provided by the SAO/NASA Astrophysics Data System}
}

@ARTICLE{Bouwens10,
   author = {{Bouwens}, R.~J. and {Illingworth}, G.~D. and {Oesch}, P.~A. and 
	{Labbe}, I. and {Trenti}, M. and {van Dokkum}, P. and {Franx}, M. and 
	{Stiavelli}, M. and {Carollo}, C.~M. and {Magee}, D. and {Gonzalez}, V.
	},
    title = "{UV Luminosity Functions from 132 z\~{}7 and z\~{}8 Lyman-Break Galaxies in the ultra-deep HUDF09 and wide-area ERS WFC3/IR Observations}",
  journal = {ArXiv e-prints (1006.4360)},
archivePrefix = "arXiv",
   eprint = {1006.4360},
 primaryClass = "astro-ph.CO",
 keywords = {Astrophysics - Cosmology and Extragalactic Astrophysics},
     year = 2010,
    month = jun,
   adsurl = {http://adsabs.harvard.edu/abs/2010arXiv1006.4360B},
  adsnote = {Provided by the SAO/NASA Astrophysics Data System}
}

@ARTICLE{Kim11,
   author = {{Kim}, J.-h. and {Wise}, J.~H. and {Alvarez}, M.~A. and {Abel}, T.
	},
    title = "{Galaxy Formation with Self-consistently Modeled Stars and Massive Black Holes. I: Feedback-regulated Star Formation and Black Hole Growth}",
  journal = {ArXiv e-prints},
archivePrefix = "arXiv",
   eprint = {1106.4007},
 primaryClass = "astro-ph.GA",
 keywords = {Astrophysics - Galaxy Astrophysics, Astrophysics - High Energy Astrophysical Phenomena},
     year = 2011,
    month = jun,
   adsurl = {http://adsabs.harvard.edu/abs/2011arXiv1106.4007K},
  adsnote = {Provided by the SAO/NASA Astrophysics Data System}
}

@ARTICLE{Wise11_Moray,
   author = {{Wise}, J.~H. and {Abel}, T.},
    title = "{ENZO+MORAY: radiation hydrodynamics adaptive mesh refinement simulations with adaptive ray tracing}",
  journal = {\mnras},
archivePrefix = "arXiv",
   eprint = {1012.2865},
 primaryClass = "astro-ph.IM",
 keywords = {hydrodynamics, radiative transfer, methods: numerical},
     year = 2011,
    month = jul,
   volume = 414,
    pages = {3458-3491},
      doi = {10.1111/j.1365-2966.2011.18646.x},
   adsurl = {http://adsabs.harvard.edu/abs/2011MNRAS.414.3458W},
  adsnote = {Provided by the SAO/NASA Astrophysics Data System}
}

@ARTICLE{Kobayashi11,
   author = {{Kobayashi}, C. and {Tominaga}, N. and {Nomoto}, K.},
    title = "{Chemical Enrichment in the Carbon-enhanced Damped Ly{$\alpha$} System by Population III Supernovae}",
  journal = {\apjl},
 keywords = {galaxies: abundances, galaxies: evolution, quasars: absorption lines, stars: abundances, stars: Population III, supernovae: general},
     year = 2011,
    month = apr,
   volume = 730,
    pages = {L14+},
      doi = {10.1088/2041-8205/730/2/L14},
   adsurl = {http://adsabs.harvard.edu/abs/2011ApJ...730L..14K},
  adsnote = {Provided by the SAO/NASA Astrophysics Data System}
}

@ARTICLE{Zahn11,
   author = {{Zahn}, O. and {Mesinger}, A. and {McQuinn}, M. and {Trac}, H. and 
	{Cen}, R. and {Hernquist}, L.~E.},
    title = "{Comparison of reionization models: radiative transfer simulations and approximate, seminumeric models}",
  journal = {\mnras},
archivePrefix = "arXiv",
   eprint = {1003.3455},
 primaryClass = "astro-ph.CO",
 keywords = {intergalactic medium, cosmology: theory, dark ages, reionization, first stars, diffuse radiation, large-scale structure of Universe},
     year = 2011,
    month = jun,
   volume = 414,
    pages = {727-738},
      doi = {10.1111/j.1365-2966.2011.18439.x},
   adsurl = {http://adsabs.harvard.edu/abs/2011MNRAS.414..727Z},
  adsnote = {Provided by the SAO/NASA Astrophysics Data System}
}
